3259 5084
1295 267 1736 330 ,1-29...

395 449 468 508 de
515 456 767 527 utraque
815 451 1060 510 ecclesia
1107 450 1418 509 disseritur
1429 451 1469 508 ¹.
1545 451 1700 511 Nam
1748 449 1967 509 similes
2014 455 2153 508 sunt
2198 449 2418 523 multis,
2465 449 2631 510 dissi·

397 541 564 598 miles
610 540 882 618 pluribus
927 541 1038 598 hae
1084 540 1242 598 duae
1283 539 1577 598 ecclesiae.

573 628 799 688 Eadem
847 635 994 702 erat,
1041 634 1110 687 ut
1157 635 1444 706 quantum
1491 629 1743 688 sciamus
1789 663 1873 672 --
1916 648 2052 686 nam
2099 627 2203 704 qui
2248 628 2431 687 fuerit
2476 628 2634 705 apud

397 717 606 776 Scotos
652 718 1181 777 consecrandarum
1223 717 1597 776 ecclesiarum
1628 737 1755 776 mos
1787 736 2027 794 prorsus
2060 715 2351 776 nescimus
2389 751 2463 760 -—-
2500 738 2633 776 exa-

398 807 612 865 minem
669 807 877 866 seriem
931 827 1128 884 rerum
1175 827 1354 884 supra
1400 807 1825 884 expositarum,
1889 805 2117 878 eadem,
2178 805 2445 882 inquam,
2508 812 2637 864 erat

287 953 292 956 .
396 896 534 955 festi
595 896 888 972 paschalis
949 896 1340 973 computati0‚
1404 895 1608 954 eadem
1665 899 1943 955 tonsurae
1987 895 2203 967 forma,
2262 894 2507 967 8111111οε,
2566 901 2637 954 111

397 990 670 1063 putatur,
733 985 1124 1044 ordinationis
1184 985 1336 1043 ritus
1388 1019 1463 1028 —-
1516 984 1619 1043 sed
1677 983 1779 1042 alii
1836 989 2008 1042 erant
2052 983 2204 1052 ritus
2252 983 2637 1042 celebrandae

401 1073 807 1147 eucharistiae,
855 1074 1006 1132 alius
1051 1073 1398 1151 baptizandi
1444 1093 1586 1135 mos.
1678 1073 2002 1131 Praeterea
2048 1072 2329 1130 nonnulla
2374 1072 2634 1130 invenie·

397 1181 526 1220 mus
587 1161 898 1222 Scotorum
958 1163 1224 1241 propria,
1287 1183 1440 1239 quae
1501 1163 1662 1241 apud
1721 1161 2002 1221 Britones
2063 1180 2181 1218 non
2240 1161 2635 1238 reperiuntur.

401 1251 616 1310 Totam
662 1251 834 1325 enim,
881 1257 952 1310 ut
999 1253 1190 1310 dicam
1241 1252 1398 1329 quod
1430 1251 1801 1329 potissimum
1835 1257 1940 1323 081,
1990 1249 2301 1309 Scotorum
2334 1249 2636 1309 ecclesiam

395 1341 764 1401 inveniemus
803 1341 1148 1400 monasterii
1178 1341 1350 1418 quasi
1379 1341 1630 1418 speciem
1665 1341 2065 1418 praebentem,
2114 1339 2427 1398 monachos
2458 1339 2657 1398 fuisse⁴

397 1429 757 1508 reperiemus
805 1430 1112 1508 episcopos
1158 1437 1218 1489 et
1251 1451 1450 1489 omnes
1481 1450 1670 1508 paene
1703 1428 2036 1488 sacerdotes
2067 1447 2283 1504 eosque
2315 1448 2515 1486 omnes
2555 1463 2629 1472 —

395 1539 514 1576 11011
547 1519 794 1578 exclusis
827 1518 1118 1598 episcopis
1151 1555 1224 1562 —
1255 1537 1697 1596 nonnumquam
1730 1517 2000 1578 subditos
2032 1517 2630 1594 abbati-presbytero,

572 1608 674 1668 Nil
719 1608 931 1666 horum
978 1609 1136 1685 apud
1169 1608 1478 1668 Britones:
1525 1607 1740 1666 famosi
1778 1607 1870 1664 illi
1914 1605 2251 1684 presbyteri
2296 1612 2357 1665 01
2388 1606 2635 1664 abbates

395 1697 457 1755 in
490 1696 806 1755 Britonum
856 1698 1100 1756 ecclesia
1146 1718 1266 1757 non
1311 1697 1700 1757 inveniuntur
1745 1696 1841 1772 (cf.
1872 1696 1953 1753 H.
2000 1694 2119 1754 and
2151 1693 2239 1754 St.
2272 1693 2321 1768 Ι,
2361 1715 2419 1772 p.
2457 1695 2635 1771 143);

397 1786 771 1864 episcopatus
830 1787 1081 1845 formam
1129 1793 1189 1846 et
1245 1785 1608 1845 hierarchiae
1657 1790 1879 1844 statum
1931 1819 2006 1828 -
2061 1790 2307 1862 excepto
2355 1803 2423 1842 eo
2474 1784 2634 1859 quod

397 1874 938 1954 archiepiscopatus
985 1875 1240 1952 vestigia
1285 1895 1405 1934 non
1451 1880 1771 1935 occurrunt
1800 1908 1889 1918 —
1920 1873 2039 1932 alia
2083 1873 2262 1932 fuisse
2308 1873 2469 1950 apud
2499 1872 2635 1930 Bri-

397 1971 568 2024 tones
623 1971 804 2041 atque
860 1964 923 2020 in
970 1965 1240 2023 omnibus
1287 1966 1414 2040 ejus
1462 1963 1677 2023 aetatis
1726 1962 1983 2022 000108118
2029 1962 2116 2020 1111
2164 1967 2279 2034 081,
2344 1961 2499 2038 quod
2546 1960 2633 2018 in-

399 2053 570 2112 dicet.
633 2053 910 2129 Denique
940 2087 1024 2097 —
1061 2052 1217 2130 quod
1265 2052 1585 2111 maximum
1634 2057 1725 2112 est
1753 2085 1840 2094 —
1870 2051 2047 2128 longe
2066 2127 2070 2136 Ι
2092 2051 2209 2109 alia
2256 2055 2433 2126 atque
2480 2049 2637 2108 inter

398 2142 676 2202 Britones
739 2149 800 2201 et
845 2140 1078 2219 Anglos
1140 2142 1293 2201 ratio
1355 2141 1767 2202 intercedebat
1811 2141 1969 2199 inter
2012 2139 2248 2217 Anglos
2304 2145 2365 2198 et
2411 2139 2636 2198 Scotos.

398 2231 551 2292 Nam
583 2231 900 2290 Britonum
942 2252 1086 2307 gens
1117 2231 1498 2290 infestissima
1531 2236 1661 2289 erat
1693 2229 2277 2306 Anglo-Saxonibus,
2326 2227 2633 2286 Scotorum

397 2325 632 2397 gentem
663 2319 888 2380 nationi
915 2317 1248 2401 Anylorum
1281 2339 1505 2400 semper
1534 2317 1951 2378 amicissimam
1966 2317 2158 2400 fuisse
2188 2323 2448 2377 testatur
2468 2317 2637 2376 Beda

399 2411 480 2485 (h.
527 2430 574 2468 0.
624 2409 681 2483 4,
733 2411 812 2468 26
865 2410 900 2487 ξ
953 2411 1123 2486 340).
1215 2409 1388 2470 Unde
1449 2411 1671 2468 factum
1730 2413 1844 2480 est,
1906 2413 1975 2466 ut
2027 2407 2426 2465 controversia
2480 2406 2637 2464 inter

399 2497 710 2558 Scotorum
771 2503 832 2556 et
878 2499 1214 2576 Anglorum
1276 2498 1550 2558 ecclesias
1611 2497 1825 2556 acerba
1884 2496 1985 2554 vix
2048 2501 2201 2554 esset
2254 2501 2317 2554 et
2370 2493 2639 2552 celeriter

398 2592 865 2665 componeretur.

579 2675 698 2733 Sed
743 2695 867 2733 rem
913 2675 1104 2752 ipsam
1152 2674 1585 2752 aggrediamur.

896 3027 1290 3110 Ecclesiae
1347 3025 2150 3110 Hiberno-Scotorum

401 3187 650 3246 historia
705 3207 890 3263 usque
947 3189 1010 3245 in
1053 3191 1272 3247 saeculi
1316 3189 1647 3248 duodecimi
1692 3196 1961 3268 tempora
2005 3189 2221 3248 fabulis
2266 3187 2353 3246 ita
2400 3194 2491 3246 est
2535 3189 2635 3246 ob-

399 3281 660 3349 scurata,
715 3282 786 3335 ut
846 3276 1038 3334 adhuc
1095 3277 1170 3334 de
1231 3277 1432 3336 multis
1479 3279 1726 3336 saeculis
1773 3280 1875 3336 vix
1922 3278 2237 3354 quicquam
2285 3277 2433 3334 certi
2480 3277 2635 3334 affir—

399 3366 548 3424 mari
593 3365 799 3443 possit.
877 3363 996 3424 Sed
1043 3365 1214 3424 nobis
1258 3366 1332 3423 de
1379 3366 1488 3424 hoc
1533 3371 1661 3424 toto
1710 3367 1994 3444 temporis
2034 3365 2227 3442 spatio
2258 3365 2543 3426 disserere
2574 3367 2638 3424 in

399 3456 593 3513 animo
655 3474 773 3513 non
836 3461 942 3514 est.
1033 3455 1188 3515 Nam
1251 3455 1361 3514 etsi
1423 3455 1859 3514 controversiae
1919 3454 2079 3513 illius
2133 3455 2291 3512 inter
2334 3456 2638 3514 ecclesiam

401 3542 710 3602 Scotorum
730 3542 756 3579 2
821 3548 880 3601 et
938 3543 1344 3602 Romanorum
1406 3565 1542 3602 rara
1603 3543 1857 3620 vestigia
1916 3543 2342 3621 posterioribus
2402 3565 2637 3620 quoque

399 3633 766 3710 temporibus
825 3653 1266 3710 nonnumquam
1321 3627 1667 3707 occurrunt,
1728 3639 1929 3692 tamen
1974 3634 2205 3692 saeculo
2252 3637 2461 3692 octavo
2508 3633 2639 3711 ipsa

553 3807 572 3838 ²
611 3805 900 3859 Ebrardus
941 3806 1238 3860 Britonum
1277 3806 1685 3876 Scotorumque
1738 3806 2005 3860 ecclesias
2052 3805 2193 3859 adeo
2246 3805 2523 3870 confudit,
2576 3809 2641 3858 ut

405 3877 840 3942 columbanum,
893 3877 1334 3942 Luxoviensem,
1385 3879 1612 3932 natione
1653 3877 1997 3941 Hiber-num,
2038 3878 2409 3931 Bancorensis
2447 3893 2637 3929 mona-

405 3948 563 4001 sterii
601 3948 660 4000 in
698 3947 980 4001 Hibernia
1017 3949 1381 4018 discipulum,
1423 3950 1725 4003 educatum
1764 3965 1885 4002 esse
1921 3949 2165 4017 fingeret
2201 3949 2260 4001 in
2296 3947 2637 4002 monasterio

405 4018 750 4072 Bancorensi
787 4019 886 4084 „in
922 4019 1140 4073 Wales“
1177 4037 1231 4088 p.
1274 4019 1357 4072 16.

550 4090 572 4121 2
615 4089 813 4142 Scotos
853 4091 1172 4158 appellatos
1213 4107 1330 4143 0880
1370 4094 1588 4143 veteres
1624 4090 1941 4144 Hiberniae
1980 4091 2196 4146 insulae
2236 4089 2451 4143 incolas
2489 4089 2639 4141 inter

406 4178 596 4214 omnes
636 4163 858 4212 constat
897 4162 992 4229 (cf.
1024 4161 1209 4214 Skene
1237 4159 1285 4225 I,
1326 4177 1379 4228 p.
1411 4160 1558 4224 137),
1601 4162 1701 4214 sed
1740 4162 1973 4216 dubium
2001 4165 2103 4226 est,
2144 4161 2367 4229 quando
2394 4159 2455 4212 hi
2482 4159 2638 4213 Scoti

405 4231 808 4300 occupaverint
845 4231 1003 4284 illam
1042 4232 1408 4285 occidentalis
1433 4231 1716 4284 Albaniae
1753 4234 1788 4284 i.
1820 4251 1865 4285 e.
1898 4232 2127 4285 Scotiae
2164 4230 2471 4283 hodiernae
2510 4248 2636 4299 par·

405 4309 538 4369 tem,
579 4319 746 4373 quam
785 4305 938 4354 certe
965 4303 1152 4355 medio
1179 4303 1402 4357 saeculo
1429 4306 1592 4356 sexto
1618 4303 1971 4357 obtinebant.
2038 4301 2213 4354 Fama
2239 4318 2385 4354 anno
2412 4301 2642 4356 circiter

409 4375 512 4428 500
548 4375 656 4427 hoc
694 4373 905 4426 factum
944 4390 1064 4426 esse
1102 4374 1368 4440 perhibet
1405 4372 1621 4442 (Skene
1664 4373 1711 4437 I,
1753 4391 1809 4440 p.
1853 4374 1955 4427 139
1992 4374 2119 4441 sq.).
