3259 5084
1529 218 1971 275 ...92-

636 398 1059 474 (596—613),
1121 396 1227 474 qui
1284 395 1668 455 Childeberte
1726 394 1890 474 patri
1947 396 2010 454 in
2075 395 2428 473 Burgundia
2489 404 2866 470 successerat,

643 486 967 547 Columbae
1013 491 1261 565 propter
1305 505 1443 544 suas
1482 518 1567 531 —-
1606 485 1796 562 ipsius
1843 484 2195 543 Theoderici
2226 518 2308 531 --
2341 505 2436 545 res
2475 487 2600 561 jam
2645 486 2868 558 dudum

635 576 907 635 inimicus
970 596 1101 633 eum
1162 574 1577 653 comprehendi
1630 574 1812 649 jussit
1865 579 1925 632 et
1969 593 2078 650 per
2121 573 2384 650 Ligerim
2429 575 2868 635 Nannetensem

635 664 699 725 in
752 665 960 723 urbem
1015 670 1491 741 transportatum
1536 663 1599 721 in
1644 663 1903 741 patriam
1949 662 2367 721 remittendum
2411 664 2658 724 curavit.
2751 664 2871 724 Sed

634 753 923 813 Columba
982 753 1125 812 data
1184 752 1453 829 fugiendi
1508 752 1792 811 facult-ate
1849 751 1981 829 ipsa
2024 751 2392 812 Nannetensi
2433 754 2582 811 urbe
2630 754 2869 831 elapsus

633 843 709 902 ad
741 841 1217 901 Theodebertum
1247 840 1335 915 H,
1379 840 1734 909 Austrasiae
1777 860 2020 917 regem„
2037 841 2284 899 fratrem
2331 840 2702 914 Theoderici,
2732 841 2880 919 per-⁴

631 931 799 991 venit
868 937 930 990 et
966 931 1074 989 ·ab
1142 949 1212 987 eo
1276 934 1634 1007 potestatem
1697 930 1926 1007 aceepit
1986 929 2298 988 habitandi
2361 936 2424 989 et
2482 930 2870 1008 praedicandi

525 1090 529 1095 ,
635 1020 987 1097 Brigantiae
1000 1062 1015 1091 ,
1051 1019 1138 1077 -in
1180 1020 1329 1077 urbe
1376 1018 1710 1079 Helvetiae.
1800 1018 1952 1079 Inde
1996 1018 2192 1077 tribus
2236 1026 2372 1096 post
2415 1020 2590 1077 annis
2635 1020 2870 1079 insidiis

634 1108 987 1167 Theoderici
1048 1108 1261 1166 cedens
1315 1108 1467 1167 abiit
1521 1109 1583 1167 in
1628 1107 1869 1167 Italiam
1913 1108 2117 1185 ibique
2163 1108 2478 1168 Bobiensis
2523 1109 2871 1169 monasterii

632 1198 709 1258 ab
756 1198 887 1275 ipso
920 1196 1143 1255 conditi
1182 1193 1410 1274 primus
1439 1196 1625 1257 abbas
1655 1218 1812 1256 anno
1847 1196 1992 1269 615,
2037 1203 2110 1256 ut
2137 1196 2392 1270 videtur,
2437 1197 2566 1257 vita
2597 1197 2868 1257 decessit.

809 1286 978 1344 Haec
1033 1284 1107 1343 de
1153 1285 1277 1345 vita
1324 1284 1664 1345 Columbae.
1739 1287 1834 1344 De
1879 1286 2144 1345 moribus
2189 1290 2316 1362 ejus
2363 1286 2506 1364 quid
2551 1286 2868 1345 dicendum

630 1377 729 1450 sit,
774 1375 963 1452 magis
1008 1379 1212 1434 nostra
1257 1374 1522 1433 interest.
1556 1408 1639 1421 --·
1673 1375 1792 1449 Qui
1837 1381 2034 1434 essent
2063 1374 2376 1435 Scotorum
2406 1394 2597 1434 mores
2637 1376 2868 1453 proprii

628 1465 693 1525 in
740 1462 1031 1523 Columba
1088 1470 1151 1523 et
1209 1462 1271 1522 in
1332 1463 1505 1523 sociis
1560 1466 1687 1539 ejus
1731 1464 1902 1523 brevi
1947 1464 2280 1542 apparuit‚.
2316 1484 2455 1523 nam
2501 1462 2866 1524 Scoticarum

628 1551 989 1613 tratitiomm
1032 1551 1426 1612 tenacissimus
1470 1557 1822 1613 consectator
1863 1572 1983 1611 non
2023 1553 2150 1611 sine
2179 1551 2383 1630 aliquo
2410 1556 2544 1629 jure
2575 1553 2867 1613 Columba

630 1642 963 1721 appellatus
986 1641 1164 1700 estin
1189 1642 1387 1700 codice
1412 1642 1668 1719 quodam
1689 1647 1929 1701 vetusto
1954 1640 2330 1717 Sangallensi
2349 1641 2592 1718 (Greith
2613 1662 2672 1721 p.
2692 1643 2866 1719 295).

632 1731 751 1791 Sed
800 1730 1035 1807 quando
1084 1730 1485 1789 controversia
1529 1731 1603 1790 de
1653 1730 1963 1792 Scotorum
2009 1731 2274 1789 moribus
2318 1731 2382 1789 in
2413 1730 2611 1791 Gallia
2658 1738 2866 1791 exorta

629 1818 726 1893 nit,
774 1819 1107 1878 accuratius
1152 1818 1385 1878 definiri
1430 1838 1549 1877 non
1591 1826 1810 1897 potest.
1899 1819 2168 1881 Primum
2215 1822 2652 1879 controversiae
2697 1822 2866 1880 testi-

629 1907 892 1967 monium
940 1907 1201 1967 occurrit
1242 1908 1413 1967 nobis
1458 1908 1654 1985 prima
1701 1909 1787 1986 [et
1830 1929 1966 1982 una,
2016 1928 2166 1985 quae
2205 1909 2282 1969 ad
2311 1916 2578 1968 nostram
2609 1915 2866 1969 aetatem

628 1996 977 2076 permansit]
1026 1995 1349 2057 Columbae
1395 1996 1652 2079 epistula
1695 1998 1772 2056 ad
1804 1996 2162 2079 Gregorium
2192 1998 2474 2075 Magnum
2520 1998 2714 2072 missa,
2762 1997 2867 2057 sed

632 2104 747 2163 quo
794 2092 1063 2164 tempore
1107 2084 1213 2143 illa
1244 2086 1581 2163 conscripta
1610 2087 1708 2159 sit,
1753 2088 2062 2158 nescimus,
2111 2088 2384 2164 quamvis
2412 2086 2864 2164 verisimilesit,

628 2194 758 2233 eam
820 2174 1249 2251 posterioribus
1308 2175 1510 2251 potius
1556 2173 1836 2251 Gregorii
1897 2176 2068 2234 annis
2123 2182 2426 2234 exaratam
2473 2196 2624 2251 esse,
2687 2196 2867 2253 quam

631 2261 981 2342 prioribus.1
1055 2262 1307 2321 Publice
1366 2262 1577 2344 deinde
1638 2264 1950 2322 duodecim
1995 2265 2166 2323 annis
2210 2271 2348 2342 post
2391 2263 2716 2323 Columbae
2767 2262 2869 2338 „in

630 2356 923 2411 ermum“
975 2351 1295 2410 adventum
1344 2353 1460 2431 (ep.
1510 2354 1567 2424 2,
1612 2351 1775 2411 Bibl.
1819 2372 1974 2411 max.
2020 2352 2172 2426 XII,
2219 2373 2276 2431 p.
2327 2352 2408 2410 25
2441 2351 2523 2428 G)
2573 2388 2658 2399 -
2705 2372 2865 2413 anno

632 2442 759 2499 602
807 2440 902 2499 vel
950 2431 1096 2513 6³03,
1142 2447 1209 2499 ut
1254 2440 1511 2514 videtur,
1563 2474 1640 2487 ·-—
1689 2441 1752 2499 in
1797 2441 2023 2517 synodo
2072 2441 2362 2519 quadam²
2403 2447 2601 2499 actum
2649 2449 2742 2500 est
2788 2441 2864 2499 de

628 2529 1044 2589 controversia.
1118 2526 1223 2587 Ad
1266 2550 1441 2607 quam
1471 2530 1761 2607 synodum
1791 2529 2082 2589 Columba
2111 2549 2243 2589 cum
2273 2530 2400 2608 ipse
2427 2529 2630 2589 venire
2659 2532 2868 2604 nollet,

626 2636 699 2677 ne
725 2616 889 2699 fone
934 2616 1293 2679 contenderet
1323 2638 1607 2697 praecem
1651 2626 1856 2678 contra
1897 2616 2151 2701 apostoli
2177 2618 2397 2679 dictum
2429 2616 2702 2679 dicentis.-
2746 2618 2872 2681 mli

626 2705 811 2767 verbis
871 2706 1207 2768 contendere
1267 2709 1384 2785 (ep.
1434 2709 1499 2779 2,
1544 2729 1603 2785 p.
1652 2708 1735 2766 25
1783 2708 1899 2783 H),
1959 2708 2196 2786 scripsit
2253 2708 2330 2767 ad
2388 2715 2591 2786 patres
2653 2710 2866 2787 synodi

628 2797 955 2873 epistolam,
1004 2816 1155 2873 quae
1203 2801 1399 2855 exstat
1444 2797 1704 2855 secunda
1750 2796 1932 2873 (Bibl.
1978 2816 2130 2857 max.
2163 2797 2316 2871 XII,
2361 2817 2420 2874 p.
2468 2798 2552 2854 24
2600 2801 2774 2874 sqq.).

805 2884 936 2943 Has
982 2884 1129 2942 duas
1174 2885 1471 2963 epistolas,
1517 2885 1680 2944 illam
1727 2885 1804 2944 ad
1837 2884 2192 2962 Gregorium
2240 2892 2301 2943 et
2344 2886 2496 2945 hanc
2541 2886 2616 2945 ad
2657 2891 2859 2961 patres

628 2972 837 3049 synodi
882 2972 1145 3044 missam,
1208 2992 1337 3032 cum
1386 2974 1798 3048 conscriberet,
1846 2974 2168 3034 Columbae
2213 2974 2473 3033 nondum
2515 2970 2856 3053 persuaderi

626 3065 865 3142 poterat
902 3058 1220 3134 ,Gallorum
1277 3060 1613 3121 celebrandi
1658 3062 1797 3122 festi
1840 3063 2134 3141 paschalis
2181 3083 2402 3123 morem
2445 3078 2694 3140 pravum
2738 3079 2861 3119 non

772 3254 794 3285 ²
834 3252 1124 3307 Gr'reithius
1166 3253 1245 3320 (p.
1274 3252 1403 3320 266)
1444 3252 1721 3321 epistulae
1761 3258 2008 3307 aetatem
2046 3252 2284 3308 indicari
2323 3256 2487 3321 put-at
2523 3268 2867 3307 commemo-

628 3326 753 3377 rato
806 3342 839 3376 a
888 3321 1162 3377 Columba
1202 3320 1457 3377 Candido
1508 3324 1844 3393 presbytero
1899 3342 1933 3377 a
1971 3322 2248 3392 Gregorio
2289 3326 2348 3377 in
2383 3322 2634 3378 Galliam
2671 3324 2862 3387 misse,

630 3393 729 3447 sed
780 3398 839 3447 et
876 3393 1161 3447 Candidus
1210 3398 1340 3461 post
1376 3412 1582 3449 annum
1621 3396 1853 3449 circiter
1889 3396 1992 3451 595
2037 3395 2134 3465 (cf.
2176 3394 2347 3464 Greg.
2387 3395 2474 3448 sd.
2517 3393 2726 3456 Cand.;
2767 3410 2863 3461 op.

629 3464 715 3519 ed.
755 3464 969 3518 Bened.
1008 3462 1087 3529 II,
1128 3482 1183 3532 p.
1212 3464 1342 3534 796)
1383 3468 1701 3537 complures
1739 3478 1913 3521 annos
1949 3467 2008 3519 in
2047 3465 2237 3520 Gallia
2273 3465 2602 3521 versabatur
2641 3463 2742 3531 (cf.
2771 3478 2861 3532 ep.

628 3534 799 3603 Greg.
843 3535 931 3589 ad.
976 3534 1180 3601 oand.;
1220 3554 1309 3605 op.
1349 3536 1428 3604 Π,
1476 3556 1530 3607 p.
1574 3538 1738 3605 1171)
1787 3542 1860 3601 et,
1913 3541 2051 3606 quot
2085 3537 2366 3591 mensibus
2403 3536 2495 3588 vel
2531 3534 2694 3587 annis
2730 3538 2870 3602 post

626 3606 781 3661 illius
820 3606 1123 3663 adventum
1160 3609 1404 3676 epistula
1432 3608 1742 3663 Columbae
1779 3608 1992 3676 scripta
2029 3608 2118 3672 sit,
2159 3610 2219 3661 in
2257 3608 2478 3662 occulto
2516 3606 2678 3659 latet.
2747 3603 2867 3659 Sed

623 3676 969 3732 Laurentius
1008 3676 1431 3744 Cantuarensis,
1486 3680 1593 3733 nisi
1642 3680 1910 3733 mentitus
1960 3682 2045 3732 est
2081 3679 2268 3749 (Beda
2301 3679 2356 3733 h.
2399 3696 2446 3731 e.
2487 3678 2538 3743 2,
2577 3676 2628 3742 4,
2672 3677 2704 3747 ξ
2747 3676 2860 3744 98),

626 3748 697 3803 de
736 3747 1011 3805 Columba
1060 3764 1172 3803 non
1220 3748 1439 3803 audivit
1482 3749 1597 3803 nisi
1643 3754 2012 3819 postquam
2059 3750 2326 3803 Britones
2373 3748 2668 3817 cognovit,
2723 3764 2862 3816 ergo

625 3824 757 3889 post
806 3838 1011 3874 annum
1056 3821 1159 3876 597
1203 3822 1295 3874 vel
1344 3821 1532 3889 potius
1577 3821 1699 3888 601;
1755 3821 1922 3890 quod,
1979 3837 2104 3875 cum
2147 3820 2665 3889 frequentissimum
2713 3836 2864 3873 com-

624 3891 898 3945 mercium
933 3896 1069 3946 tunc
1106 3892 1280 3945 fue-rit
1314 3892 1466 3945 inter
1491 3892 1846 3946 Britanniam
1885 3896 1942 3945 et
1969 3892 2214 3946 Galliam
2252 3894 2312 3944 et
2336 3890 2595 3954 Romam,
2637 3894 2698 3943 et
2735 3906 2865 3944 cum

624 3962 737 4031 ipsi
777 3960 1031 4017 Candido
1071 3980 1199 4017 cum
1221 3962 1543 4031 Augustino
1584 3966 1642 4016 et
1665 3962 1974 4018 Laurentio
2015 3962 2362 4017 consuetudo
2403 3960 2593 4024 fuerit,
2635 3962 2867 4015 videtur

626 4034 905 4099 indicare,
958 4034 1402 4088 controversiam
1439 4034 1597 4089 illam
1633 4035 1729 4089 vix
1766 4039 1898 4089 ante
1937 4032 2193 4088 exeuntis
2231 4032 2439 4086 saeculi
2475 4035 2702 4099 tempus
2743 4048 2865 4085 esse

623 4108 819 4159 ortam.
1236 4104 1243 4111 ’

769 4176 793 4207 2
840 4175 1005 4231 Hanc
1069 4174 1344 4243 synodum
1398 4175 1842 4247 intellegendam
1899 4192 2020 4228 esse
2075 4174 2349 4241 synodum
2403 4172 2866 4230 Cabillonensem

626 4246 759 4301 anni
797 4246 900 4301 603
940 4248 1267 4317 conjectura
1305 4248 1668 4315 sagacissima
1705 4247 1964 4319 opinatus
2004 4248 2090 4298 est
2115 4245 2408 4299 Hertelius
2435 4275 2502 4283 —
2530 4241 2865 4297 zeitschrift

591 4317 661 4371 ·f.
700 4316 1149 4387 Kirchengesch.
1186 4316 1300 4383 III,
1342 4334 1397 4386 p.
1440 4319 1544 4375 148
1582 4338 1700 4389 sqq.
2412 4338 2416 4346 ·
2587 4320 2595 4327 '
