3259 5084
1523 282 1964 338 —72—

620 460 943 519 solventur.
1012 460 1167 519 Nam
1214 478 1346 517 cum
1392 458 1597 516 codem
1628 477 1802 527 ann0,
1850 476 1966 533 quo
2000 456 2337 515 Cumeanus
2369 455 2622 535 Segenio
2653 476 2866 515 renun-

622 549 820 621 ciavit,
868 547 1145 606 Hiienses
1193 552 1535 607 consecrato
1576 546 2091 621 Nordanhymbris
2139 546 2415 624 episcopo
2462 546 2864 624 principatum

626 656 796 695 suum
858 637 1019 694 ultra
1063 635 1374 693 Pictorum
1430 636 1579 695 fines
1639 636 1703 693 in
1757 635 1948 712 ipsam
1989 634 2369 693 Britanniam
2413 635 2865 713 promovissent,

622 725 761 782 inde
819 726 896 782 ab
956 744 1110 783 anno
1163 724 1290 782 634
1336 726 1537 803 potior
1590 744 1731 802 pars
1791 724 2070 782 ccclesiae
2115 722 2750 782 Hiberno-Scotorum
2802 724 2866 781 in

620 812 1074 890 septentrionali
1117 812 1435 872 Britannia
1480 819 1627 886 erat,
1674 813 1738 871 in
1781 812 1999 871 finibus
2038 813 2362 885 Pictorum,
2409 811 2722 871 Scotorum
2752 810 2864 870 Al-

622 902 988 975 banensium,
1033 902 1091 962 N
1092 902 1661 979 ordanhymbrorum
1709 902 2074 977 aliorumque
2123 900 2440 960 Saxonum.

802 989 922 1049 Sed
992 1010 1171 1049 unam
1240 999 1419 1050 antea
1479 1010 1812 1069 proponere
1873 991 2050 1049 liceat
2110 991 2530 1067 quaestionem.
2635 988 2862 1061 Nonne,

618 1099 859 1155 quaeso,
908 1100 1039 1137 cum
1084 1086 1209 1137 tam
1254 1080 1427 1138 facile
1474 1085 1535 1138 et
1579 1085 1704 1137 tam
1737 1080 2008 1138 celeriter
2038 1079 2316 1139 australis
2347 1078 2678 1137 Hiberniae
2711 1078 2863 1156 epis-

622 1167 757 1245 copi
789 1187 920 1225 cum
950 1167 1238 1226 Romanis
1268 1168 1614 1227 societatem
1643 1168 1902 1240 inierint,
1935 1168 2256 1237 absurdum
2288 1172 2393 1240 est,
2427 1188 2558 1225 cum
2588 1166 2864 1225 Ebrardo

622 1262 841 1333 putare
887 1261 949 1313 et
993 1255 1264 1314 doctrina
1310 1262 1371 1315 et
1414 1256 1678 1315 moribus
1723 1258 1898 1334 longe
1944 1256 2240 1316 diversam
2284 1256 2464 1315 fuisse
2511 1276 2546 1314 a
2591 1256 2864 1314 Romana

620 1343 927 1403 ecclesiam
960 1343 1312 1403 Scotorum?
1390 1345 1495 1403 An
1541 1345 1822 1404 credibile
1869 1352 1960 1405 est
1989 1345 2372 1417 Gumeanum,
2419 1344 2471 1403 si
2517 1343 2606 1403 ita
2635 1344 2862 1418 fuisset,

618 1432 693 1490 de
751 1434 920 1491 nulla
978 1432 1097 1492 alia
1156 1454 1221 1491 re
1282 1434 1400 1493 nisi
1461 1434 1535 1493 de
1596 1435 1964 1494 celebrandis
2017 1435 2187 1493 festis
2232 1434 2610 1511 paschalibus
2653 1433 2863 1491 diebus

620 1520 875 1598 Segenio
923 1522 1229 1600 scripsisse
1246 1522 1274 1580 P.
1346 1523 1506 1597 Quin
1554 1522 1733 1582 etiam
1778 1523 1906 1601 ipse
1952 1544 2110 1601 papa
2159 1543 2291 1581 cum
2322 1522 2516 1581 Scotis
2563 1542 2744 1600 agens
2791 1522 2863 1580 dc

620 1611 786 1669 nulla
830 1610 949 1669 alia
992 1632 1057 1669 re
1103 1611 1219 1671 nisi
1250 1612 1325 1670 de
1356 1612 1760 1673 controversia
1791 1612 2056 1690 paschali
2087 1618 2149 1670 et
2180 1612 2252 1669 de
2279 1612 2607 1688 Pelagiana
2637 1610 2864 1669 haeresi

616 1704 829 1777 utpote
884 1699 1045 1777 apud
1092 1698 1301 1759 Scotos
1347 1701 1766 1761 revisviscente
1813 1702 1998 1760 verba
2041 1701 2184 1760 fecit
2231 1700 2422 1776 (Beda
2466 1700 2522 1757 h.
2569 1720 2618 1757 e.
2669 1700 2727 1772 2,
2781 1700 2859 1756 19

616 1788 655 1865 ξ
710 1788 835 1845 144
868 1790 982 1864 sq.)
1030 1821 1115 1833 -—-
1162 1789 1563 1868 Conspicuam
1608 1790 1759 1849 illud
1803 1791 2075 1863 alterum,
2121 1789 2236 1849 etsi
2265 1786 2540 1847 Ebrardo
2589 1790 2670 1865 (p.
2712 1788 2862 1862 171)

617 1876 801 1936 risum
864 1877 1077 1951 movit,
1139 1878 1361 1956 quippe
1418 1879 1521 1955 qui
1576 1900 1696 1938 non
1743 1879 2089 1957 cognoverit
2133 1880 2195 1938 in
2239 1878 2393 1937 libro
2441 1877 2861 1936 Ardmachano

589 1966 865 2046 ⁴singulis
914 1966 1186 2043 epistulis
1216 1967 1489 2027 Paulinis
1534 1989 1570 2027 a
1602 1969 1867 2028 librariis
1896 1969 2222 2047 praemissa
2251 1988 2378 2029 esse
2409 1971 2759 2044 argumenta
2791 1986 2863 2024 ex

612 2052 851 2129 Pelagii
888 2053 948 2110 in
996 2056 1279 2131 epistulas
1308 2056 1595 2117 Paulinas
1626 2058 2092 2134 expositionibus
2124 2060 2434 2135 desumpta
2463 2056 2746 2133 (Betham
2775 2054 2862 2123 II,

536 2135 541 2139 ’
612 2161 675 2217 p.
726 2142 847 2206 261
902 2144 1075 2218 sqq.).
1154 2142 1319 2213 Quae
1364 2151 1566 2202 utrum
1610 2145 1860 2221 Pelagio
1907 2167 1982 2203 an
2024 2147 2390 2222 Hieronymo
2437 2145 2698 2222 ascripta
2742 2144 2863 2202 sint

617 2228 681 2286 in
728 2228 882 2286 libro
929 2229 1367 2302 ArdmachanO,
1414 2231 1627 2304 nescio,
1673 2253 1811 2290 nam
1857 2252 2048 2307 neque
2091 2233 2443 2292 Bethamius
2491 2250 2682 2308 neque
2713 2231 2858 2289 Ske-

616 2316 752 2375 nius
799 2316 910 2391 (II,
956 2338 1016 2393 p.
1064 2318 1220 2393 424)
1268 2318 1340 2376 de
1398 2319 1506 2376 hac
1560 2340 1625 2377 re
1681 2321 1866 2379 verba
1909 2321 2194 2378 fecerunt.
2287 2319 2404 2377 Sed
2451 2339 2582 2377 cum
2629 2324 2862 2377 constet

618 2406 852 2483 Pelagii
898 2407 1295 2484 expositiones
1339 2407 1515 2466 hodie
1560 2408 1818 2467 inveniri
1863 2408 2021 2467 inter
2063 2407 2416 2484 Hieronymi
2461 2427 2659 2485 opera,
2709 2425 2860 2483 quae

618 2495 862 2555 summis
907 2494 971 2552 in
1016 2496 1338 2555 honoribus
1380 2497 1542 2574 apud
1572 2496 1782 2557 Scotos
1811 2498 2202 2571 habebantur,
2251 2496 2460 2555 Scotos
2489 2501 2696 2573 aperte
2729 2514 2860 2553 cum

616 2583 865 2661 Pelagio
928 2585 1177 2644 sensisse
1239 2607 1356 2644 non
1420 2587 1611 2645 credo.
1706 2586 1934 2645 Tamen
1991 2585 2192 2645 fictam
2236 2586 2417 2645 fuisse
2463 2586 2626 2643 illam
2671 2602 2860 2661 papae

617 2672 1146 2747 insimulationem,
1209 2675 1341 2752 quis
1400 2676 1756 2735 contendere
1817 2675 2078 2734 audeat?
2171 2674 2291 2734 Sed
2347 2695 2475 2733 cum
2523 2674 2639 2733 alia
2686 2674 2862 2749 hujus

614 2760 701 2818 rei
750 2767 913 2819 certa
931 2760 956 2795 ²
1003 2762 1223 2821 mentio
1269 2783 1388 2821 non
1434 2771 1732 2837 occurrat,
1795 2769 2004 2823 contra
2049 2784 2182 2821 cum
2226 2764 2355 2841 ipse
2401 2763 2717 2822 Wilfridus
2765 2762 2863 2837 (de

611 2867 733 2924 quo
793 2848 977 2924 infra)
1038 2870 1194 2907 anno
1258 2852 1384 2908 680
1438 2872 1557 2931 pro
1614 2852 1776 2911 omni
1827 2848 2149 2932 aquilonali
2185 2860 2367 2931 parte
2410 2850 2766 2910 Britanniae
2811 2858 2864 2909 et

614 2932 935 2995 Hiberniae
988 2934 1189 2996 insulis
1200 2979 1219 3008 ,
1274 2957 1421 3019 quae
1477 2938 1551 2999 ab
1596 2937 1934 3019 Anylomm
1981 2947 2033 2999 et
2076 2938 2400 2999 Britonum
2453 2958 2674 2999 necnon
2718 2936 2858 2998 Sco-

610 3033 809 3084 torum
852 3033 906 3085 et
934 3021 1240 3084 Pictorum
1281 3025 1543 3106 ycntibus
1588 3025 1923 3087 colebantur
1968 3046 2169 3087 veram
2213 3036 2266 3089 et
2297 3025 2644 3088 catholicam
2667 3026 2860 3111 fldem

613 3116 987 3173 confessus
1018 3114 1115 3173 sit
1140 3114 1449 3193 (Stephan.
1475 3117 1708 3175 Eddius
1738 3117 1845 3177 vit.
1869 3117 2067 3175 Wilfr.
2100 3138 2146 3175 c.
2181 3117 2264 3174 50
2297 3117 2455 3176 Mab.
2482 3117 2643 3177 Acta
2673 3118 2786 3191 IV,
2826 3119 2854 3175 1

614 3224 753 3281 app.
784 3225 843 3281 p.
879 3205 1051 3279 710),
1098 3204 1338 3263 levioris
1384 3206 1669 3265 momenti
1713 3226 1834 3265 non
1865 3226 1990 3265 esse
2030 3226 2150 3265 non
2179 3212 2379 3283 potest
2409 3206 2512 3265 illa
2542 3209 2858 3267 accusatio,

612 3290 959 3351 Praeterea:
1010 3294 1145 3369 quis
1190 3293 1398 3353 tulerit
1442 3294 1744 3354 Gracchos
1790 3296 1865 3353 de
1911 3294 2198 3354 seditione
2247 3298 2585 3373 querentes!

793 3379 1025 3439 Omissa
1086 3382 1274 3459 igitur
1331 3384 1473 3442 hac·
1500 3384 1944 3443 insimulatione
2003 3404 2112 3462 pro
2176 3391 2338 3443 certo
2385 3384 2724 3443 habendum
2770 3390 2860 3442 est

611 3468 917 3527 ecclesiam
966 3468 1278 3529 Scotorum
1326 3472 1652 3532 Columbae
1707 3480 1906 3532 aetate
1952 3492 2084 3530 cum
2131 3471 2422 3531 catholica
2468 3472 2540 3530 de
2587 3472 2860 3531 doctrina

613 3558 789 3635 plane
851 3559 1229 3619 consensisse.
1321 3561 1474 3621 Nam
1533 3581 1686 3639 quae
1729 3561 2042 3619 Ebrardus
2095 3560 2350 3636 protulit
2402 3560 2474 3619 de
2521 3567 2860 3620 sanctorum

612 3650 676 3703 et
720 3645 1103 3721 reliquiarum
1152 3650 1317 3708 cultu
1360 3654 1571 3727 utpote
1618 3672 1654 3709 a
1686 3648 1881 3707 Scotis
1927 3648 2242 3725 repudiato
2289 3656 2351 3708 et
2396 3649 2470 3707 de
2509 3649 2858 3726 virginitate

612 3733 676 3792 in
738 3736 980 3795 summis
1040 3736 1364 3797 honoribus
1424 3758 1544 3797 non
1598 3737 1832 3811 habita,
1894 3742 2018 3795 tam
2064 3737 2221 3797 levia
2266 3745 2431 3810 sunt,
2492 3744 2562 3797 ut
2607 3758 2739 3797 cum
2787 3760 2862 3797 ex

612 3823 757 3899 ipsis
804 3826 948 3899 ejus,
996 3825 1067 3883 de
1108 3846 1226 3902 qua
1258 3826 1503 3903 agimus,
1549 3826 1766 3886 aetatis
1796 3826 2153 3885 testimoniis
2184 3828 2411 3885 nullum
2443 3835 2857 3904 argumentum

610 3911 924 3971 Ebrardus
980 3914 1323 3991 protulerit,
1380 3916 1529 3973 mihi
1580 3921 1922 3993 pertaesum
1968 3916 2072 3988 sit,
2131 3916 2307 3993 plura
2354 3916 2427 3973 de
2473 3917 2584 3974 hac
2627 3938 2692 3975 re
2739 3917 2856 3975 dis·

611 4006 843 4079 putare.
936 4000 1097 4062 Satis
1156 4002 1406 4061 habeam
1467 4023 1806 4063 asseverare
1867 4024 1958 4063 me
2021 4004 2246 4061 nullum
2307 4004 2584 4063 clericum
2641 4006 2854 4063 nedum

761 4229 781 4259 ²
821 4228 1019 4299 Neque
1047 4228 1315 4283 Usserius.
1334 4230 1406 4282 de
1431 4228 1849 4300 Pelagianismo
1876 4230 1936 4281 in
1955 4230 2254 4284 Britannia
2279 4231 2654 4286 reviviscente
2679 4230 2851 4283 disse*

610 4314 739 4351 rens
790 4300 1205 4367 (Gotteschalci
1254 4304 1313 4353 et
1357 4300 1919 4355 Praedestinatianae
1967 4302 2390 4355 controversiae
2437 4303 2506 4355 ab
2557 4320 2620 4356 eo
2667 4304 2853 4355 motae

610 4368 862 4422 historia.
939 4371 1255 4428 Hanoviae.
1297 4371 1453 4427 1662.
1517 4390 1571 4440 p.
1614 4373 1644 4424 1
1685 4374 1832 4441 sqq.)
1871 4372 2036 4441 plura
2083 4374 2280 4427 attulit
2317 4377 2474 4426 certa
2511 4372 2851 4427 testimonia.
