3259 5084
1544 212 1990 269 —80-

650 382 756 441 sed
806 402 935 441 cnm
982 384 1139 443 infra
1186 386 1259 444 de
1307 384 1632 446 Columbae
1661 388 2061 449 Luxoviensis
2092 390 2393 449 monachis
2423 392 2598 469 plura
2625 392 2894 452 dicturus

578 554 581 557 ᾗ
646 470 773 543 sim,
819 472 931 530 hoc
975 474 1104 532 loco
1153 495 1331 551 quam
1376 477 1581 554 paucis
1626 497 1752 535 rem
1798 479 2117 538 absolvam.

822 560 919 619 Ac
976 562 1233 640 primum
1278 563 1738 642 vituperandum
1802 574 1917 639 est,
1979 568 2137 643 quod
2196 567 2506 627 Ebrardus
2567 590 2641 627 ex
2701 570 2888 647 ipsius

643 651 845 711 Bedae
892 651 1091 711 verbis
1146 671 1312 710 suam
1368 660 1721 729 extorquere
1781 662 2027 714 conatus
2093 663 2184 715 est
2233 656 2585 733 opinionem.
2676 657 2886 717 Risum

644 747 859 813 movet,
906 740 956 798 si
1003 760 1076 797 ex
1108 760 1193 812 eo,
1240 743 1398 816 quod
1427 742 1596 801 Beda
1643 743 2001 821 saepissime,
2050 750 2306 821 quantae
2353 745 2478 805 sint
2521 747 2889 822 singulorum

642 829 1133 888 monasteriorum
1178 830 1593 906 possessiones,
1641 832 1870 891 indicat
1915 833 2008 892 his
2051 834 2174 892 fere
2205 834 2404 893 verbis
2435 834 2886 905 „monasterium

642 918 891 999 quinque
948 914 1038 975 vel
1093 916 1290 977 decem
1344 917 1791 999 familiarum“,
1861 922 2080 998 coegit,
2149 923 2334 982 fuisse
2393 924 2455 979 in
2516 924 2886 983 monasteriis

641 1014 843 1085 patres
893 1012 953 1065 et
996 1012 1215 1065 matres
1259 1008 1515 1068 familias
1563 1030 1883 1087 eorumque
1914 1011 2129 1070 liberos
2162 1013 2244 1088 (p.
2283 1012 2405 1069 190
2439 1015 2612 1089 sqq.).
2673 1013 2884 1073 Nonne

638 1098 768 1154 luce
815 1096 1032 1154 clarius
1076 1101 1181 1167 est,
1206 1096 1374 1171 -quid
1422 1098 1537 1155 sibi
1581 1098 1772 1156 velint
1817 1100 2104 1174 ejusmodi
2149 1101 2359 1173 verba,
2405 1100 2458 1158 si
2503 1121 2684 1159 unum
2729 1101 2884 1160 hunc

641 1184 899 1243 audieris
948 1186 1139 1242 locum
1186 1184 1379 1263 (Beda
1425 1186 1480 1243 h.
1528 1207 1573 1247 e.
1629 1188 1685 1259 3,
1722 1188 1822 1260 24,
1871 1190 1906 1265 g
1941 1190 2124 1265 222):
2183 1187 2414 1249 donatis
2458 1188 2694 1269 insuper
2738 1188 2883 1250 duo-¹

640 1272 829 1331 decim
859 1269 1339 1352 possessiunculis
1368 1282 1664 1333 terrarum
1696 1319 1709 1333 .
1735 1319 1748 1333 .
1775 1320 1788 1333 .
1821 1273 2079 1357 siuyulae
2106 1296 2240 1337 vero
2275 1277 2658 1357 possessionis
2689 1277 2883 1338 decem

638 1370 804 1422 erant
832 1358 1215 1441 familiarum
1262 1364 1360 1437 (cf.
1392 1370 1706 1440 praeterea
1739 1366 1795 1437 3,
1829 1366 1887 1439 4,
1937 1367 1972 1443 ἓ
2013 1365 2164 1438 159;
2199 1368 2256 1440 4,
2292 1367 2395 1440 23,
2427 1368 2462 1444 ξ
2497 1368 2653 1438 323;
2687 1367 2744 1438 4,
2783 1367 2881 1439 19,

638 1455 673 1531 ξ
708 1452 880 1526 314).
904 1450 931 1485 ¹
1019 1447 1110 1509 At
1154 1452 1349 1529 ipsum
1398 1452 1626 1511 Bedam
1675 1474 1946 1513 narrasse
1991 1461 2227 1533 patrem
2274 1456 2565 1531 quendam
2611 1456 2879 1529 familias,

638 1540 938 1601 Gaedmon
998 1547 1262 1619 poetam,
1324 1560 1459 1600 eum
1512 1540 1778 1601 omnibus
1836 1541 1958 1602 suis
2015 1542 2078 1603 in
2137 1542 2554 1604 monasterium
2598 1562 2715 1603 esse
2758 1563 2877 1603 sus·

636 1638 863 1709 ceptum
893 1630 975 1705 (h.
1006 1651 1055 1689 e.
1088 1630 1146 1703 4,
1182 1631 1281 1703 24,
1317 1631 1352 1706 ἓ
1390 1631 1511 1689 331
1548 1634 1705 1707 sqq.)
1767 1632 2078 1693 Ebrardus
2121 1640 2212 1693 est
2257 1634 2430 1693 testis
2471 1636 2553 1710 (p.
2593 1634 2714 1690 192
2747 1636 2878 1709 sq.).

634 1717 831 1794 Atqui
877 1719 1223 1779 levissimus.
1313 1719 1467 1779 Nam
1513 1724 1686 1779 tanta
1731 1720 1980 1780 levitate
2037 1741 2178 1781 usus
2240 1730 2332 1781 est
2390 1722 2454 1781 in
2515 1722 2878 1798 explicandis

634 1808 837 1866 Bedae
866 1808 1081 1880 verbis,
1112 1808 1191 1866 ad
1222 1828 1375 1883 quae
1406 1808 1748 1886 saepissime
1793 1817 2084 1886 provocat
2115 1810 2191 1869 ad
2222 1810 2653 1869 confirmandas
2683 1810 2879 1869 varias

634 1917 728 1955 res
772 1896 1071 1955 mirabiles
1113 1899 1195 1974 (p.
1229 1897 1331 1954 86.
1372 1897 1493 1955 192
1526 1918 1614 1974 sq.
1651 1898 1796 1955 200.
1832 1899 1978 1957 201.
2015 1897 2160 1959 203.
2196 1900 2342 1958 204.
2377 1900 2548 1975 224),
2593 1904 2664 1957 ut
2708 1900 2880 1975 plura

635 1985 873 2060 integra
918 1986 1062 2044 folia
1110 1986 1181 2044 de
1227 1986 1339 2059 hac
1384 2006 1451 2044 re
1496 1986 1864 2045 conscribere
1909 1988 2147 2063 possim.
2226 1988 2345 2048 Sed
2391 1988 2536 2047 satis
2583 1994 2676 2047 est
2721 2008 2876 2045 com-

634 2093 988 2132 memorasse
1022 2074 1339 2147 Caedmon,
1387 2082 1677 2151 quantum
1708 2075 1878 2134 Beda
1909 2083 2134 2150 narrat,
2181 2085 2414 2156 patrem
2457 2076 2712 2135 familias
2758 2096 2877 2135 non

634 2162 815 2221 fuisse
874 2182 1065 2239 neque
1126 2182 1263 2222 suos
1330 2183 1525 2222 secum
1584 2163 1821 2223 duxisse
1889 2164 1956 2222 in
2029 2166 2447 2225 monasterium
2510 2165 2614 2224 sed
2677 2184 2876 2223 secum

631 2256 903 2330 portasse
950 2250 1146 2309 omnia
1192 2271 1299 2310 sua
1346 2254 1443 2328 (cf.
1473 2253 1664 2311 Jonas
1710 2253 1815 2311 vit.
1847 2254 2114 2313 Eustasii
2147 2257 2183 2311 6
2232 2254 2388 2313 Mab.
2420 2252 2506 2325 ΙΙ,
2553 2272 2690 2310 ann.
2727 2254 2876 2326 625,

631 2363 689 2419 p.
721 2342 873 2399 118:
921 2336 1227 2421 Ayrestius
1258 2384 1271 2397 .
1305 2384 1317 2397 .
1353 2384 1366 2398 .
1398 2340 1483 2399 ad
1525 2336 1870 2401 Luoeovium
1913 2342 2140 2402 veniens
2182 2361 2242 2401 se
2286 2350 2339 2401 et
2383 2339 2580 2399 omnia
2624 2360 2734 2399 sua
2779 2360 2874 2400 su-

618 2428 903 2509 pradicto
937 2427 1109 2511 patri
1150 2426 1525 2505 tradiderat),
1589 2429 1993 2489 Consimiliter
2023 2432 2238 2489 abusus
2277 2435 2369 2488 est
2397 2428 2708 2487 Ebrardus
2755 2428 2876 2486 alia

631 2519 834 2577 Bedae
866 2518 1309 2577 narratiuncula
1334 2520 1414 2594 (h.
1441 2540 1487 2577 e.
1508 2519 1565 2591 4,
1586 2518 1687 2591 25,
1712 2520 1746 2596 ἓ
1768 2520 1893 2577 335
1911 2522 2083 2597 sqq),
2119 2539 2294 2595 quam
2325 2551 2399 2561 --
2429 2517 2626 2576 nescio
2658 2537 2763 2575 cur
2794 2552 2870 2561 —-

630 2608 842 2666 maluit
886 2614 1158 2685 repetere
1203 2629 1276 2666 ex
1321 2608 1449 2666 vita
1496 2606 1555 2666 S.
1602 2606 2022 2683 Aediltrydae,
2085 2628 2261 2685 quam
2311 2606 2569 2665 Thomas
2616 2606 2876 2665 Eliensis

629 2698 863 2757 saeculo
896 2697 1239 2755 duodecimo
1272 2696 1625 2774 conscripsit
1651 2697 1832 2773 (Mab.
1851 2695 1989 2756 Act.
2015 2696 2100 2768 ΙΙ,
2127 2716 2262 2755 ann.
2289 2698 2436 2768 679,
2468 2718 2524 2773 p.
2544 2698 2578 2753 7
2590 2696 2670 2755 39
2698 2698 2870 2772 sqq.).

628 2785 851 2845 Narrat
893 2787 1048 2843 enim
1078 2785 1263 2858 Beda,
1311 2786 1730 2844 monasterium
1766 2786 1923 2862 quod
1954 2784 2205 2857 „Coludi
2243 2786 2423 2843 urbs“
2453 2784 2871 2844 nominabatur

629 2894 783 2932 anno
834 2875 959 2932 679
1006 2874 1260 2933 flammis
1306 2880 1675 2951 assumptum
1722 2894 1848 2933 esse
1894 2874 2072 2948 idque
2120 2893 2238 2931 non
2285 2873 2412 2931 sine
2463 2877 2627 2949 justa
2671 2890 2860 2930 causa.

627 2958 799 3021 Nam
829 2981 1024 3021 omnes
1060 2982 1312 3044 prorsus
1358 2963 1704 3023 monasterii
1734 2962 1894 3021 illius
1934 2970 1986 3019 et
2015 2958 2132 3019 viri
2159 2968 2211 3019 et
2239 2959 2506 3041 feminae
2537 2968 2636 3019 aut
2661 2976 2859 3019 somno

626 3049 926 3131 torpebant
969 3049 1141 3111 inerti
1181 3060 1283 3111 aut
1328 3051 1411 3112 acl
1446 3060 1689 3131 peccata
1731 3047 2065 3131 viqilabant.
2147 3044 2316 3107 Nam
2363 3058 2413 3109 et
2459 3044 2858 3116 domunculae,

624 3159 773 3223 quae
817 3139 899 3199 ad
944 3140 1239 3200 orandum
1280 3138 1370 3200 vel
1415 3138 1722 3221 leyenolum
1749 3138 1956 3221 jactae
1985 3146 2168 3209 erant,
2218 3135 2280 3196 in
2311 3136 2864 3204 commessationum,

615 3228 1015 3308 potationum,
1069 3226 1512 3313 fabulationum
1566 3239 1617 3289 et
1663 3238 1986 3289 ceterarum
2027 3224 2432 3287 illecebrarum
2477 3223 2692 3285 cubilia
2736 3244 2864 3283 con

622 3336 818 3377 versae
864 3328 1043 3377 erant.
1152 3315 1421 3399 Viryines
1466 3338 1687 3399 quoque
1731 3318 1840 3378 deo
1895 3316 2123 3377 dicatae
2177 3323 2500 3395 contempta
2552 3311 2868 3373 reverentia

622 3424 763 3465 suae
798 3404 1196 3486 professionis,
1243 3406 1678 3488 quotiescunque
1707 3404 2009 3477 vacabant,
2057 3404 2316 3467 terendis
2344 3398 2732 3463 subtilioribus
2776 3398 2863 3458 in-

622 3492 908 3553 dumentis
956 3513 1198 3573 operam
1242 3494 1487 3566 dabant,
1556 3493 1762 3575 quibus
1821 3504 1924 3553 aut
1976 3514 2036 3555 se
2092 3493 2254 3574 ipsas
2313 3491 2394 3551 ad
2451 3487 2634 3548 vicem
2689 3504 2862 3567 spon-

620 3601 825 3642 sarum
868 3580 931 3641 in
962 3581 1295 3662 periculum
1348 3582 1441 3643 sui
1481 3591 1663 3642 status
1723 3582 2106 3653 adornarent,
2175 3590 2278 3642 aut
2331 3586 2702 3641 externorum
2755 3575 2867 3637 sibi

619 3669 882 3730 virorum
926 3670 1246 3732 amicitiam
1292 3680 1704 3751 compararent
1749 3671 1829 3746 (h.
1855 3691 1904 3729 e.
1938 3671 1997 3744 4,
2025 3672 2124 3744 25,
2157 3674 2192 3749 ξ
2221 3672 2391 3745 338).
2427 3703 2504 3713 -
2539 3667 2712 3726 Haec
2759 3685 2860 3725 au-

620 3759 787 3818 diens
843 3761 975 3836 quis
1030 3762 1305 3821 Ebrardo
1354 3764 1436 3839 (p.
1472 3761 1626 3836 212)
1675 3761 2006 3819 consentiat
2066 3761 2398 3835 „virgines“
2457 3758 2592 3815 illas
2652 3776 2862 3816 revera

618 3848 797 3907 fuisse
842 3870 1055 3910 uxores
1102 3852 1228 3911 sine
1268 3854 1434 3927 justa
1475 3869 1654 3907 causa
1686 3848 2030 3908 accusatas?
2079 3848 2304 3908 Contra
2336 3847 2598 3904 Thomas
2631 3844 2863 3904 Eliensi

768 4022 789 4053 ¹
827 4021 1019 4075 Aliam
1058 4023 1173 4076 vim
1212 4021 1601 4085 vocabulum,
1610 4021 1910 4085 ‚familiae“
1949 4022 2020 4075 de
2059 4018 2414 4073 monasteriis
2453 4018 2670 4072 dictum
2708 4017 2860 4085 apud

616 4094 766 4161 ipsos
798 4091 999 4147 Scotos
1026 4092 1198 4146 habet
1226 4092 1322 4161 (cf.
1358 4109 1525 4158 supra
1552 4110 1606 4159 p.
1637 4094 1748 4175 69),
1789 4091 2072 4162 significat
2097 4091 2364 4144 abbatem
2403 4106 2531 4143 cum
2567 4088 2858 4141 monachis

616 4164 728 4217 suis
767 4164 861 4216 vel
900 4180 1027 4217 cum
1065 4164 1203 4231 ipsis
1239 4161 1518 4226 omnibus,
1579 4164 1676 4232 qui
1726 4164 1786 4215 in
1834 4163 1959 4215 aliis
2009 4161 2361 4215 monasteriis
2412 4160 2608 4213 abbati
2645 4158 2854 4227 princi-

613 4235 758 4302 palis
784 4234 938 4288 illius
964 4233 1297 4287 monasterii
1322 4203 1702 4287 oboediebant
1728 4233 1797 4288 cf.
1827 4231 2106 4300 „expulsio
2127 4232 2342 4299 familie
2369 4230 2470 4284 Ie“
2498 4232 2590 4298 (=
2611 4228 2818 4295 HiiJ..

614 4307 802 4360 annal.
846 4305 1185 4373 Tigernachi
1224 4304 1300 4357 H.
1341 4304 1452 4356 and
1490 4303 1571 4359 St.
1612 4305 1693 4370 II,
1736 4304 1783 4368 1,
1825 4321 1880 4371 p.
1924 4304 2043 4355 114.
