3259 5084
1525 253 1960 310 ...44—

618 434 765 494 duos
808 433 1108 492 Patricios
1169 432 1536 510 distinguere
1593 432 1784 490 coacti
1844 437 2000 490 sunt.
2095 430 2226 489 Tali
2290 431 2445 490 enim
2506 431 2678 490 modo
2734 435 2861 507 jam

617 522 924 584 annotatio
979 522 1083 581 illa
1129 521 1202 580 de
1248 522 1514 580 Patricio
1561 527 1622 580 et
1668 520 1941 580 Palladio
1990 520 2271 580 distinxit
2321 521 2479 580 inter
2522 520 2861 579 Palladium

615 611 753 695 „qui
778 609 1075 670 Patricius
1106 607 1224 670 alio
1254 609 1484 670 nomine
1513 607 1957 691 appellabatmss‘
1988 615 2048 669 et
2078 608 2441 681 „secundum
2470 607 2858 680 Patm'cium‘ss

616 700 945 760 Hiberniae
977 701 1307 779 apostolum
1343 701 1441 776 (cf.
1473 719 1654 776 supra
1684 719 1740 776 p.
1777 699 1903 776 35).
1995 699 2332 758 Palladium
2375 701 2561 776 igitur
2604 700 2858 758 alterum

615 792 782 848 illum
829 789 1154 850 Patricium
1201 809 1326 849 esse
1374 788 1603 867 opinor.

794 879 1132 938 Palladium
1175 877 1640 954 intellegendum
1688 897 1811 936 esse
1844 876 2025 936 etiam
2067 879 2128 936 in
2160 876 2327 936 Fieci
2356 878 2573 954 hymno
2606 879 2861 938 alterum

615 969 946 1028 Patricium
994 968 1288 1027 affirmare
1332 987 1452 1026 non
1499 965 1725 1025 dubito.
1817 966 1981 1043 Ergo
2026 965 2191 1024 Fieci
2237 966 2487 1044 hymnus
2532 983 2681 1026 non·
2696 967 2861 1043 prius

617 1057 976 1136 compositus
1040 1061 1153 1129 est,
1217 1077 1396 1134 quam
1452 1054 1618 1115 Scoti
1675 1055 1748 1113 de
1800 1055 2073 1114 Palladio
2136 1054 2507 1114 audiverunt.
2600 1055 2861 1114 Palladii

616 1153 815 1206 autem
861 1146 1154 1218 notitiam,
1201 1146 1253 1204 si
1297 1165 1504 1205 revera
1534 1144 1829 1214 Muirchui
1860 1145 1985 1203 vita
2032 1149 2281 1203 exeunte
2328 1146 2561 1204 saeculo
2608 1145 2863 1222 septimo

618 1235 954 1312 conscripta
1001 1241 1108 1308 est,
1157 1234 1340 1307 Scoti,
1388 1233 1527 1311 quia
1570 1231 1937 1293 Tirechanus
1983 1253 2103 1292 non
2144 1236 2270 1308 jam
2318 1234 2675 1294 mentionem
2720 1234 2861 1292 fecit

618 1326 691 1383 de
735 1322 1033 1397 Palladio,
1097 1345 1164 1382 eo
1219 1323 1348 1402 ipso
1407 1328 1659 1382 exeunte
1715 1323 1947 1381 saeculo
2004 1324 2255 1401 septimo
2314 1323 2565 1401 ideoque
2612 1345 2685 1382 ex
2731 1324 2861 1400 ipso

550 1466 554 1470 .
617 1414 930 1491 ProsperO,
977 1432 1096 1471 non
1145 1435 1216 1471 ex
1246 1413 1432 1486 Beda,
1479 1417 1851 1490 acceperunt.
1941 1411 2158 1489 Itaque
2198 1412 2365 1470 Fieci
2398 1406 2689 1490 'hymnum
2739 1433 2861 1470 sae·

617 1503 746 1562 culo
793 1507 1003 1562 octavo
1053 1503 1443 1580 compositum
1491 1521 1615 1560 esse
1678 1521 1882 1561 censeo
1938 1507 2075 1579 post
2130 1501 2497 1580 conscriptas
2544 1501 2861 1560 Tirechani

617 1592 1032 1651 annotationes
1089 1597 1150 1651 et
1212 1591 1509 1650 Muirchui
1571 1586 1775 1650 vitam.
1868 1591 2035 1664 Quae
2100 1591 2399 1650 sententia
2464 1591 2863 1668 compluribus

617 1680 951 1741 confirmari
1007 1686 1234 1760 potest,
1299 1699 1448 1757 quae
1503 1680 1615 1738 1106
1673 1700 1789 1739 11110
1848 1680 2450 1758 comprehenduntur,
2515 1681 2674 1757 quod
2731 1701 2863 1738 cum

616 1770 912 1829 Muirchui
959 1770 1084 1829 vita
1130 1769 1219 1829 ita
1265 1769 1540 1845 congruit
1584 1768 1753 1827 Fieci
1798 1768 2075 1846 hymnus,
2138 1774 2207 1828 ut
2260 1769 2367 1828 1116
2424 1769 2554 1846 ipsa
2600 1770 2728 1829 vita
2774 1769 2862 1828 ita

615 1862 756 1918 usus
811 1879 936 1919 csse
991 1858 1270 1918 videatur
1322 1858 1527 1936 hymni
1580 1865 1785 1935 poeta,
1858 1865 1928 1918 ut
1994 1880 2145 1938 quae
2210 1879 2282 1916 ex
2346 1859 2481 1916 illa'
2516 1863 2861 1938 sumpserat,

617 1949 870 2008 aliorum
914 1949 1132 2007 fabulis
1181 1956 1442 2026 augeret.
1504 1948 1659 2007 Nam
1704 1968 1825 2006 non
1873 1950 2059 2008 solum
2105 1955 2357 2026 uterque
2398 1948 2657 2008 Palladii
2702 1969 2860 2006 men-

619 2038 842 2097 tionem
887 2037 1033 2095 facit
1079 2058 1270 2115 neque
1315 2042 1514 2096 tamen
1561 2037 1826 2095 fabulam
1874 2038 1945 2096 dc
1977 2036 2315 2097 Coelestino
2344 2059 2503 2116 papa
2534 2036 2863 2096 Patricium

619 2127 895 2185 mittente
943 2130 1198 2198 enarrat,
1246 2131 1498 2201 uterque
1549 2126 1629 2181 60
1680 2146 1865 2184 annos
1896 2127 2223 2185 Patricium
2272 2128 2333 2183 in
2363 2126 2665 2184 Hibernia
2712 2146 2863 2184 com-

619 2221 912 2274 moratum
961 2219 1021 2272 et
1057 2215 1180 2271 120
1229 2229 1412 2271 annos
1457 2218 1666 2272 natum
1714 2235 1745 2270 e
1789 2214 1917 2274 vita
1962 2215 2291 2290 profectum
2339 2233 2465 2271 esse
2510 2216 2712 2286 refert,
2760 2215 2864 2272 sed

551 2373 554 2375 Α
619 2304 745 2362 fere
789 2303 986 2361 omnia
1035 2322 1185 2379 quac
1233 2301 1510 2362 carminis
1540 2302 1811 2362 versibus
1859 2301 2116 2358 43-61
2171 2301 2551 2359 continentur
2597 2301 2863 2360 invenies

619 2393 779 2471 apud
823 2393 1198 2451 Muirchuum
1245 2391 1527 2467 (Betham
1556 2391 1645 2462 II,
1678 2411 1815 2468 app.
1847 2411 1904 2468 p.
1936 2389 2062 2449 XV
2092 2391 2205 2466 sq.)
2254 2410 2321 2447 66
2369 2389 2607 2466 quidem
2655 2389 2861 2448 eodem

619 2485 740 2541 fere
798 2483 1005 2542 ordine
1064 2487 1331 2554 narrata,
1393 2481 1496 2540 sed
1549 2479 1907 2556 simpliciora
1964 2480 2060 2554 (cf.
2114 2478 2351 2556 inprim.
2398 2499 2547 2538 vers.
2600 2478 2859 2536 55-60

621 2592 752 2631 cum
798 2571 1096 2630 Muirchui
1139 2592 1198 2648 p.
1242 2569 1448 2647 XVI).
1540 2568 1817 2644 Denique
1864 2587 2016 2644 quae
2062 2569 2135 2626 de
2182 2566 2499 2627 Germano.
2536 2569 2597 2627 in
2653 2567 2862 2626 insulis

620 2661 802 2720 maris
867 2659 1163 2738 Tyrrheni
1225 2680 1345 2717 una
1413 2679 1542 2716 cum
1612 2656 1879 2716 Patricio
1954 2662 2351 2717 commorante
2418 2679 2599 2737 supra
2660 2678 2718 2735 p.
2777 2657 2856 2714 41

621 2751 862 2827 protuli,
909 2748 1018 2807 hoc
1063 2749 1192 2806 loco
1238 2747 1604 2824 neglegenda
1651 2767 1770 2804 non
1818 2753 1973 2806 sunt.

801 2836 967 2910 Quae
1023 2855 1153 2893 cum
1208 2836 1296 2894 ita
1353 2836 1495 2907 sint,
1565 2835 1734 2893 Fieci
1786 2836 2039 2910 hymnus
2100 2837 2324 2895 nullum
2380 2836 2456 2894 ad
2519 2836 2863 2895 solvendam

623 2931 885 2985 nostram
933 2923 1338 3001 quaestionem
1387 2923 1592 2982 attulit
1638 2929 2015 2982 momentum.
2107 2923 2198 2982 At
2245 2923 2565 2982 Secundini
2610 2924 2861 3000 hymnus

622 3016 791 3074 adest
835 3013 1089 3072 testibus
1135 3031 1254 3070 non
1301 3012 1441 3071 solis
1472 3012 1552 3069 H.
1584 3010 1704 3069 and
1735 3010 1823 3069 St.
1858 3012 1966 3087 (II,
2004 3013 2059 3084 2,
2092 3035 2149 3090 p.
2186 3013 2310 3070 327
2346 3015 2496 3089 not.)
2528 3012 2715 3091 ipsius
2745 3013 2859 3072 Pa-

622 3104 781 3164 tricii
826 3102 1194 3180 temporibus
1241 3101 1626 3179 conscriptus.
1724 3099 1844 3160 Sed
1887 3101 2093 3174 timeo,
2155 3122 2231 3160 ne
2278 3122 2396 3160 non
2443 3103 2653 3178 majori
2698 3103 2859 3162 utili-

620 3195 735 3253 tati
781 3192 952 3252 nobis
998 3191 1078 3251 sit
1125 3211 1300 3268 quam
1348 3190 1514 3248 Fieci
1561 3209 1823 3264 carmen,
1884 3211 2022 3248 nam
2070 3191 2142 3248 de
2186 3196 2482 3268 tempore,
2546 3213 2661 3268 quo
2708 3212 2860 3251 com·

619 3283 848 3360 positus
905 3287 1082 3354 esset,
1157 3286 1320 3339 certo
1385 3280 1593 3339 falsam
1660 3280 2013 3339 sententiam
2068 3281 2339 3338 tulerunt
2395 3281 2513 3339 viri
2566 3281 2726 3340 docti
2779 3281 2859 3338 H.

621 3371 739 3430 and
771 3369 857 3429 St.
920 3370 1240 3430 Potissimo
1285 3369 1442 3428 enim
1471 3374 1728 3429 utuntur
1756 3375 2122 3444 argumento,
2172 3370 2332 3446 quod
2376 3370 2441 3427 in
2486 3370 2599 3428 hoc
2642 3370 2859 3445 hymno

623 3460 706 3517 nil
751 3457 897 3517 insit
941 3460 1014 3518 de
1059 3460 1182 3516 ulla
1227 3459 1478 3518 Patricii
1524 3477 1656 3518 cum
1702 3458 1987 3516 Romanis
2034 3458 2480 3518 necessitudine.
2573 3457 2664 3517 At
2715 3459 2890 3516 haec

619 3549 750 3626 ipsa
794 3569 890 3607 res
933 3548 998 3605 in
1046 3548 1478 3608 dubitationem
1524 3547 1724 3607 vocari
1768 3551 1980 3623 potest.
2058 3546 2161 3605 An
2210 3547 2368 3624 quod
2412 3551 2651 3624 poeta,
2652 3545 2857 3618 ,domi-
2945 3557 2949 3562 “

619 3645 782 3708 nus‘ss
852 3636 1074 3713 inquit,
1145 3633 1358 3708 „illum
1411 3634 1596 3716 elcqit,
1666 3644 1730 3693 ut
1782 3633 2009 3695 doceret
2064 3634 2348 3694 barbaras
2411 3633 2712 3694 nationes“
2766 3637 2855 3694 vel

622 3745 831 3806 „quem
875 3725 1020 3786 deus
1063 3724 1221 3785 misit
1264 3734 1328 3784 ut
1371 3722 1635 3783 Paulum
1679 3722 1769 3782 ad
1804 3731 1994 3803 yeme-s
2039 3721 2431 3804 Apostolum“
2477 3725 2581 3800 (H.
2614 3725 2731 3782 and
2772 3723 2859 3782 St.

621 3816 706 3888 II,
757 3817 794 3872 2
853 3837 910 3894 p.
961 3816 1089 3874 324
1137 3823 1197 3874 et
1245 3815 1416 3890 325),
1481 3813 1861 3891 comprobare
1922 3820 2121 3891 potest
2181 3818 2419 3890 poetam
2478 3814 2551 3871 de
2610 3813 2861 3871 Patricii

622 3905 937 3964 itineribus
991 3926 1099 3983 per
1146 3903 1405 3964 Galliam
1461 3909 1640 3978 atque
1695 3901 1937 3961 Italiam
1984 3911 2091 3962 etc.
2149 3903 2297 3961 nihil
2342 3902 2681 3962 audivisse?
2750 3903 2859 3960 Mi-

623 3994 795 4052 nime.
886 3995 1041 4057 Nam
1095 3994 1181 4052 nil
1235 3992 1474 4052 omnino
1528 3991 1686 4050 inest
1730 3991 1793 4049 in
1839 3992 1949 4050 hoc
1996 3991 2251 4050 carmine
2299 3992 2373 4050 de
2418 3990 2545 4050 vita
2590 3991 2858 4064 Patrioii,

621 4085 874 4161 hymnus
920 4090 1010 4144 est
1054 4084 1256 4144 laudes
1304 4080 1628 4154 continens,
1676 4101 1795 4139 non
1842 4086 2081 4139 enarrat
2124 4080 2329 4140 vitam.
2390 4081 2619 4157 Hymni
2664 4087 2860 4140 autem

623 4179 837 4234 natura
883 4177 1017 4244 fert,
1063 4178 1133 4231 ut
1178 4171 1250 4228 de
1295 4169 1632 4228 hominibus
1680 4189 1857 4246 quam
1902 4170 2143 4227 minime
2189 4170 2422 4228 dicatur
2469 4176 2529 4228 et
2574 4170 2718 4229 deus
2764 4171 2859 4228 vel

625 4264 818 4323 sancti
886 4261 1254 4320 sufficiantur
1321 4259 1385 4316 in
1447 4279 1648 4318 eorum
1707 4260 1915 4317 locum.
2010 4258 2169 4331 Quin
2237 4259 2415 4332 etiam
2475 4259 2683 4336 negari
2741 4280 2859 4318 non

625 4357 838 4428 potest,
885 4350 1032 4410 alios
1079 4349 1356 4408 carminis
1403 4367 1608 4409 versus
1653 4348 1747 4406 his
1790 4347 1987 4406 verbis
2034 4347 2310 4425 scriptos:
