3259 5084
525 1339 928 1428 Bonifatium,
987 1351 1343 1412 Germaniae
1390 1353 1749 1432 apostolum,
1804 1349 2152 1430 pontificum
2198 1348 2599 1409 Romanorum

371 1451 662 1524 legatum,
709 1445 1110 1524 prohibuisse,
1161 1443 1472 1520 quominus
1518 1443 1580 1500 in
1627 1441 1951 1500 Germania
1996 1441 2237 1500 ecclesia
2284 1441 2599 1499 constitue-

377 1542 552 1609 retur,
598 1555 749 1612 quae
779 1539 1012 1593 tantum
1044 1532 1136 1592 sui
1167 1533 1376 1592 similis
1408 1540 1576 1606 esset,
1624 1552 1699 1590 ne
1730 1531 1773 1589 ii
1805 1531 2041 1608 quidem
2070 1536 2321 1608 possunt
2368 1549 2601 1606 negare,

378 1626 475 1703 qui
512 1629 646 1700 jure
693 1624 994 1682 affirmant
1041 1622 1342 1681 ecclesiam
1397 1622 1643 1680 liberam
1690 1620 2057 1699 temporibus
2104 1619 2282 1678 medii
2326 1618 2457 1678 aevi
2502 1639 2601 1676 ne-

375 1735 484 1792 que
528 1715 592 1771 in
623 1711 945 1772 Germania
976 1732 1166 1788 neque
1198 1712 1342 1770 alibi
1385 1711 1649 1788 potuisse
1697 1710 1993 1768 exsistere.
2082 1709 2235 1770 Nam
2281 1709 2439 1767 inter
2482 1728 2602 1765 om-

371 1824 474 1862 nes
517 1808 748 1861 constat
777 1802 1146 1860 Bonifatium
1193 1808 1270 1873 et,
1318 1801 1421 1876 qui
1466 1819 1612 1877 opus
1660 1802 1785 1873 ejus
1834 1799 2079 1874 excepit,
2128 1797 2407 1856 Carolum
2438 1798 2602 1872 Mag-

371 1914 512 1950 num
558 1891 942 1949 fundamenta
983 1890 1194 1964 jecisse
1243 1888 1519 1946 ecclesiae
1565 1888 1725 1956 illius
1770 1887 2360 1945 romano-catholicae
2380 1931 2393 1957 ,
2456 1905 2605 1962 quae

373 2000 559 2056 usque
607 1979 682 2034 ad
727 1985 994 2055 tempora
1039 1976 1294 2035 Lutheri
1353 1977 1417 2034 in
1463 1975 1784 2034 Germania
1841 1975 2186 2053 perduravit
2244 1977 2604 2034 inconcussa.

376 2069 508 2141 Qua
556 2066 628 2124 de
676 2086 851 2125 causa
883 2067 953 2124 de
984 2064 1289 2124 Bonifatio
1337 2071 1496 2124 recte
1542 2086 1659 2124 non
1699 2065 2055 2142 judicabunt
2100 2066 2231 2138 nisi,
2281 2065 2381 2142 qui
2429 2085 2605 2142 quae-

373 2157 597 2228 sierint,
647 2155 749 2232 qui
795 2155 979 2214 fuerit
1023 2155 1086 2213 in
1119 2153 1440 2214 Germania
1487 2155 1761 2214 ecclesiae
1809 2160 2016 2228 status,
2064 2161 2381 2231 antequam
2425 2153 2605 2212 Boni-

376 2245 556 2304 fatius
605 2244 968 2304 adventavit.
1060 2244 1276 2321 Itaque
1325 2266 1454 2303 eum
1500 2245 1561 2303 in
1595 2243 1917 2303 Germania
1964 2251 2103 2304 ante
2134 2244 2503 2303 Bonifatium
2550 2249 2610 2300 et

376 2335 517 2412 ipsis
549 2333 844 2392 Bonifatii
874 2333 1242 2412 temporibus
1274 2333 1481 2393 Scotos
1512 2334 1910 2411 Britonesque
1940 2334 2387 2412 peregrinantes
2434 2352 2609 2391 evan-

375 2423 592 2500 gelium
625 2423 994 2500 praedicasse
1027 2429 1273 2496 constet,
1319 2424 1409 2497 iis,
1459 2443 1708 2501 quorum
1738 2423 1987 2482 interest
2027 2423 2151 2480 sine
2198 2423 2331 2480 odio
2380 2426 2442 2479 et
2485 2421 2610 2479 sine

377 2512 604 2571 invidia
649 2512 722 2570 de
768 2511 1072 2571 Bonifatio
1112 2513 1398 2586 judicare,
1447 2519 1583 2571 ante
1632 2513 1828 2570 omnia
1876 2511 2274 2588 quaerendum
2322 2517 2427 2582 est,
2475 2509 2609 2567 Bri·
2677 2525 2680 2528 ·

373 2610 578 2661 tonum
626 2599 1056 2678 Scotorumque
1103 2601 1382 2658 ecclesiae
1428 2601 1629 2677 quales
1685 2601 1907 2658 fuerint
1962 2619 2187 2672 mores,
2252 2619 2401 2676 quae
2458 2599 2609 2656 ratio

377 2689 654 2749 credendi
701 2695 762 2748 et
808 2689 1065 2750 vivendi.

552 2779 704 2836 Eam
749 2779 940 2856 ipsam
987 2779 1061 2836 ob
1110 2799 1341 2838 causam
1383 2783 1508 2854 jam
1538 2777 1926 2854 Rettbergius
1974 2777 2047 2836 de
2078 2777 2383 2836 Bonifatio
2432 2778 2612 2836 verba

379 2869 641 2927 dicturus
701 2888 894 2946 pauca
953 2867 1024 2926 de
1088 2868 1402 2927 Britonum
1478 2867 1719 2926 ecclesia
1796 2867 2074 2926 disseruit
2136 2863 2609 2948 (Kirchenyesch.

379 2953 808 3016 Deutschla‘nds
853 2956 904 3030 I,
935 2979 992 3036 p.
1029 2957 1422 3034 317—324).
1512 2956 1596 3016 Et
1659 2957 1817 3033 quod
1876 2962 2021 3015 tunc
2066 2957 2351 3034 temporis
2398 2976 2611 3035 oppor-

381 3051 589 3103 tunum
633 3053 791 3119 erat,
854 3045 1030 3104 hodie
1077 3047 1468 3105 necessarium
1516 3067 1641 3104 esse
1689 3066 1857 3105 nemo
1902 3045 2233 3123 ignorabit,
2297 3045 2398 3122 qui
2458 3046 2612 3102 forte

385 3133 627 3208 legerit,
688 3145 862 3211 quae'
897 3135 1204 3194 Ebrardus
1258 3136 1512 3213 vestigia
1574 3156 1825 3212 sequens
1871 3135 2097 3193 Heberi
2153 3129 2295 3210 (Die
2338 3131 2609 3192 vorkaro-

389 3216 696 3300 linyiscken
745 3217 1242 3284 Glaubenslzelden
1287 3243 1386 3282 am
1434 3220 1644 3282 Rhein.
1696 3226 1868 3300 1858)
1916 3224 1987 3282 de
2032 3223 2349 3280 Britonum
2406 3219 2612 3279 Scoto-

383 3329 630 3386 rumque
662 3313 900 3372 ecclesia
929 3312 993 3370 in
1037 3312 1223 3371 lucem
1271 3313 1522 3390 protulit
1564 3312 1844 3389 (primum
1876 3312 1940 3368 in
1968 3310 2252 3372 Niedneri
2285 3305 2618 3393 Zeitschnft

366 3396 482 3482 fiir
521 3397 579 3459 d.
611 3397 805 3461 histor.
849 3400 908 3462 T
903 3397 1044 3462 lzeol.
1097 3403 1245 3463 1862
1291 3408 1342 3459 et
1391 3401 1540 3460 1863
1587 3405 1647 3458 et
1692 3400 1885 3458 denuo
1931 3400 1993 3457 in
2039 3399 2209 3473 libro,
2260 3400 2363 3478 qui
2407 3400 2613 3458 inseri-

379 3489 544 3546 bitur
587 3484 708 3549 Die
749 3487 1168 3552 iroschottische
1197 3486 1685 3550 Missionslcirche.
1735 3491 1926 3566 1873).
2019 3489 2267 3563 Qualem
2314 3491 2386 3548 de
2433 3489 2613 3547 Boni-

378 3578 528 3636 fatio
575 3578 882 3640 Ebrardus
929 3580 1134 3639 tulerit
1180 3579 1563 3652 sententiam,
1613 3579 1832 3637 nemini
1879 3578 2156 3638 credibile
2203 3579 2317 3638 erit
2362 3579 2475 3636 nisi
2522 3579 2613 3650 iis,

381 3666 486 3744 qui
531 3668 717 3727 oculis
763 3690 913 3746 quae
958 3669 1265 3728 Ebrardus
1313 3671 1393 3747 (p.
1428 3669 1583 3746 454)
1630 3669 1869 3747 scripsit
1912 3669 2309 3748 inspexerint:
2373 3667 2613 3726 Bonifa-

377 3757 547 3830 tium,
595 3758 766 3835 regni
797 3758 1021 3817 Christi
1065 3757 1383 3832 inimicum,
1432 3779 1665 3818 servum
1696 3759 2089 3832 tenebrarum,
2136 3758 2422 3835 longaevo
2455 3757 2614 3817 vitae

379 3865 522 3906 suae
567 3853 833 3925 tempore
879 3849 941 3905 in
987 3847 1342 3906 destruendo
1389 3868 1570 3924 regno
1618 3847 1843 3907 Christi
1888 3854 2128 3926 peracto
2176 3848 2385 3906 merito
2432 3847 2614 3906 inter-

378 3936 603 3994 fectum
651 3957 777 3995 esse
824 3959 860 3996 a
905 3937 1177 4016 paganis,
1227 3936 1448 4014 quippe
1497 3937 1598 4013 qui
1644 3936 1864 4014 pagani
1910 3957 2025 3995 non
2069 3940 2193 4016 jam
2238 3937 2516 4010 fuissent,
2565 3937 2615 3996 si

380 4025 482 4082 ille
527 4045 736 4084 revera
780 4026 1012 4100 fuisset,
1075 4025 1178 4103 qui
1223 4025 1589 4099 nominatur,
1641 4025 1993 4086 Germaniae
2039 4027 2359 4106 apostolus.
2451 4025 2614 4099 Quae

381 4114 712 4188 sententia,
777 4115 891 4174 etsi
935 4136 1049 4173 non
1096 4135 1250 4174 nova
1297 4121 1387 4174 est
1433 4150 1518 4158 —
1567 4114 2013 4176 Centuriatores
2060 4116 2215 4174 enim
2260 4113 2613 4191 Magdebur-

379 4224 592 4280 genses
615 4202 806 4263 simile
823 4203 1112 4278 ,iudicium
1143 4205 1409 4264 fecerunt
1431 4239 1528 4277 —,
1561 4211 1759 4263 tamen
1791 4226 1944 4266 nova
1976 4205 2220 4264 audacia
2252 4204 2325 4262 ab
2342 4203 2615 4262 Ebrardo

381 4294 619 4370 prolata
666 4298 772 4352 est.
864 4292 1255 4353 Nihilosecius
1307 4293 1774 4352 commenticiam
1815 4315 1943 4353 eam
1991 4313 2115 4352 esse
2162 4293 2247 4350 ita
2294 4291 2615 4352 dilucidum

385 4388 494 4454 est,
539 4389 610 4441 ut
656 4383 760 4459 qui
803 4381 1001 4460 paullo
1047 4388 1183 4460 post
1231 4383 1302 4439 de
1347 4383 1649 4441 Bonifatio
1698 4383 1991 4456 disseruit,
2037 4381 2355 4441 Muellerus
2402 4379 2614 4458 (Boni-

2161 4485 2190 4537 1
