3259 5084
1528 245 1965 310 *32*

630 429 830 502 libros,
878 449 1026 506 quos
1071 429 1458 488 libentissime
1503 430 1775 506 legissem
1808 428 2079 506 inprimis
2104 427 2323 486 Toddii
2354 429 2427 487 de
2458 428 2584 488 vita
2616 426 2864 488 Patricii

630 519 849 577 librum
911 519 1007 594 (cf.
1055 539 1235 596 supra
1281 540 1338 596 p.
1387 519 1452 595 4)
1515 519 1768 596 adipisci
1820 518 2141 594 potuerim,
2202 517 2393 576 audeo
2446 532 2711 595 sperare,
2774 539 2866 576 me

629 627 802 686 posse
847 609 924 666 ab
972 608 1270 666 erroribus
1317 607 1460 666 mihi
1507 628 1729 680 cavere,
1780 613 1840 664 et
1884 608 2010 665 fore
2040 613 2111 664 ut
2142 607 2319 665 etiam
2352 606 2426 665 i-is
2456 607 2660 684 paucis
2691 607 2867 684 plane

631 696 1006 769 satisfaciam,
1053 695 1157 772 qui
1203 716 1308 754 sua
1353 696 1616 773 ipsorum
1664 716 1845 774 opera
1877 717 2001 753 rem
2030 695 2298 754 funditus
2327 700 2866 772 pertractaverunt.

629 784 992 857 DummodO,
1049 805 1200 860 quae
1245 785 1616 862 potissimum
1664 785 1809 842 mihi
1856 785 2137 844 videntur
2182 804 2305 843 esse
2353 784 2721 844 observanda
2732 774 2770 856 ,⁵
2794 805 2867 841 ne

631 873 868 932 omnino
917 894 1070 932 vana
1115 874 1250 946 sint,
1299 874 1612 934 dummodo
1660 873 2019 933 satisfaciam
2050 873 2356 952 proposito
2389 893 2537 946 me0,
2584 878 2668 946 ut,
2716 893 2869 948 quae

629 961 812 1021 fuerit
857 963 1137 1022 ecclesiae
1181 963 1815 1023 Hiberno-Scotorum
1863 969 2095 1035 natura,
2142 962 2509 1040 investigem.

809 1050 1052 1112 Omissis
1098 1051 1286 1129 igitur
1331 1053 1622 1128 omnibus,
1670 1073 1820 1128 quae
1867 1052 2017 1112 scire
2064 1059 2264 1110 nostra
2310 1051 2405 1110 hic
2452 1072 2567 1110 non
2600 1051 2866 1123 interest,

630 1140 693 1198 id
738 1141 925 1199 solum
964 1160 1333 1216 quaeramus,
1379 1147 1581 1201 utrum
1613 1163 1745 1200 cum
1777 1140 2055 1218 pontifice
2087 1140 2357 1199 Romano
2390 1140 2653 1199 Patricio
2686 1140 2869 1198 fuerit

631 1229 1024 1303 necessitudO,
1080 1249 1280 1290 necne.
1373 1230 1565 1303 Quam
1609 1252 1736 1289 rem
1780 1236 1849 1288 ut
1895 1229 2221 1306 dijudicare
2268 1229 2584 1308 possimus,
2630 1229 2865 1306 profici-

631 1323 859 1378 scentes
889 1339 941 1382 .a
985 1319 1379 1396 posteriorum
1425 1327 1758 1399 temporum
1804 1319 2161 1378 testimoniis
2192 1319 2267 1377 ad
2300 1319 2627 1376 vetustiora
2668 1337 2866 1376 ascen-

629 1405 852 1466 damus.
927 1408 1142 1485 Itaque
1189 1409 1446 1486 primum
1493 1410 1566 1468 de
1611 1410 1755 1468 vitis
1786 1408 2037 1468 Patricii
2085 1407 2395 1466 dicendum
2438 1413 2543 1466 est.
2623 1407 2719 1464 Ex
2748 1428 2867 1465 om-

628 1496 829 1570 nibus,
889 1503 1181 1575 quotquot
1234 1518 1496 1576 unquam
1551 1501 1791 1557 fuerunt
1838 1533 1921 1542 «-
1968 1498 2277 1573 sexaginta
2338 1516 2440 1554 sex
2500 1496 2571 1554 de
2618 1495 2868 1554 Patricii

627 1585 812 1662 gestis
871 1586 1104 1644 libellos
1165 1587 1486 1662 exstitisse,
1547 1593 1870 1664 antequam
1917 1585 2247 1646 Normanni
2291 1584 2649 1642 Hiberniam
2710 1586 2867 1643 ferro

627 1673 871 1750 ignique
917 1674 1316 1750 devastarent,
1363 1677 1630 1754 prodidit
1659 1677 1705 1736 J
1708 1675 1966 1736 ocelinus
2012 1675 2117 1734 vit.
2150 1674 2315 1732 Patr.
2365 1694 2411 1731 c.
2451 1674 2530 1730 18
2579 1693 2686 1731 nro
2742 1674 2863 1732 163

629 1763 794 1839 (Act.
841 1763 947 1822 SS.
996 1763 1149 1822 Boll.
1196 1767 1371 1826 Mart.
1425 1768 1502 1824 17
1552 1787 1608 1843 p.
1660 1763 1814 1841 578)
1864 1799 1947 1808 -
1996 1764 2106 1822 hae
2153 1768 2415 1822 exstant:

680 1853 730 1909 1.
765 1852 932 1925 Quae
977 1853 1041 1912 in
1085 1854 1238 1913 libro
1271 1854 1689 1914 Ardmachano
1738 1859 1976 1913 exstant
2021 1853 2179 1913 vitae
2228 1852 2485 1910 omnium
2529 1851 2867 1926 antiquissi-

761 1961 916 2015 mae,
975 1963 1113 2000 nam
1173 1943 1324 2002 liber
1367 1942 1823 2003 Ardmachanus
1879 1941 2437 2019 (Trinity·College
2483 1940 2729 2000 Dublin.
2778 1941 2867 1998 ed.

761 2029 862 2089 Sir
892 2030 988 2088 W.
1022 2031 1292 2106 Betham,
1323 2032 1484 2091 Irish
1516 2033 1896 2109 antiquarian
1929 2031 2264 2090 researches
2294 2029 2383 2088 II.
2437 2031 2649 2105 1827),
2692 2050 2868 2106 quem

763 2117 1091 2178 Schoellius
1138 2122 1300 2197 (diss.
1347 2143 1405 2199 p.
1442 2123 1549 2197 63)
1596 2122 1853 2199 putabat
1896 2117 2227 2179 inchoatum
2273 2138 2389 2177 esse
2428 2117 2533 2178 sub
2562 2113 2633 2176 X
2657 2115 2872 2178 saec-idi

740 2206 950 2290 finem,
1003 2205 1153 2266 XII
1194 2218 1385 2268 autem
1409 2208 1672 2292 finitum,
1721 2229 1875 2268 auno
1923 2208 2160 2266 circiter
2206 2208 2333 2265 807
2385 2213 2689 2265 exaratum
2739 2227 2865 2264 esse

764 2317 919 2356 nunc
950 2298 1193 2358 tandem
1223 2299 1383 2356 docti
1415 2298 1530 2357 viri
1561 2297 1939 2356 consentiunt
1971 2297 2066 2371 (cf.
2094 2294 2288 2354 Skene
2311 2295 2396 2366 II,
2427 2316 2484 2372 p.
2517 2295 2596 2352 14
2621 2300 2682 2353 et
2708 2294 2864 2367 4233

761 2386 1018 2445 warren
1065 2408 1122 2464 p.
1169 2385 1346 2446 XIV.
1423 2387 1504 2444 Η.
1552 2385 1670 2444 and
1716 2385 1806 2446 St.
1852 2385 1941 2456 II,
1990 2385 2026 2440 2
2075 2405 2131 2461 p.
2182 2385 2306 2442 296
2357 2386 2507 2459 not).

676 2477 732 2533 2.
767 2475 912 2535 Vita
959 2476 1253 2534 attributa
1282 2476 1484 2535 Marco
1533 2475 1924 2536 anachoretae
1970 2493 2117 2533 saec.
2164 2471 2282 2546 IX,
2330 2471 2536 2530 addita
2582 2470 2863 2528 historiae

761 2563 1099 2638 Britonum,
1141 2585 1293 2641 quae
1323 2585 1636 2643 perperam
1667 2564 1903 2637 dicitur,
1935 2561 2157 2623 Nennii
2188 2561 2277 2620 ed.
2311 2560 2639 2620 Stevenson
2676 2559 2865 2632 1838,

761 2654 795 2731 ξ
847 2653 1104 2712 50-55
1155 2655 1258 2729 (cf.
1301 2653 1498 2713 Skene
1543 2653 1630 2728 ΙΙ,
1677 2675 1736 2731 p.
1785 2653 1957 2728 433).

811 2743 979 2799 3-9
1030 2742 1190 2800 vitae
1246 2742 1410 2815 illae,
1470 2763 1616 2818 quas
1663 2743 1890 2820 primus
1946 2740 2136 2799 edidit
2183 2739 2481 2817 Colganus
2529 2737 2715 2813 (Acta
2758 2735 2865 2796 SS.

628 2829 960 2887 Hiberniae
984 2829 1097 2888 vol.
1122 2829 1174 2902 I,
1208 2829 1382 2888 Trias
1408 2829 1856 2906 Thaumaturga
1885 2829 2052 2892 1645
2075 2829 2118 2902 1,
2150 2829 2348 2904 vulgO,
2382 2826 2521 2903 quia
2552 2826 2865 2884 maximam

628 2918 689 2974 iu
752 2923 985 2995 partem
1045 2918 1171 2976 sine
1233 2918 1570 2977 nominibus
1625 2919 1884 2996 scriptae
1932 2921 2093 2988 sunt,
2156 2915 2493 2974 nominatae
2542 2935 2613 2972 ex
2659 2913 2865 2984 ordine

628 3006 747 3078 illo,
794 3026 911 3082 quo
958 3005 1258 3083 Colganus
1305 3027 1404 3066 eas
1451 3006 1707 3065 edendas
1756 3005 2012 3064 curavit:

677 3095 733 3152 3.
768 3094 912 3154 Vita
943 3094 1108 3172 Colg.
1140 3094 1200 3152 I:
1247 3095 1538 3172 Hymnus,
1585 3095 1688 3170 qui
1736 3095 1955 3153 dicitur
1984 3091 2151 3152 Fieci
2182 3092 2365 3169 (apud
2397 3091 2475 3149 H.
2510 3091 2627 3149 and
2660 3089 2748 3149 St..
2780 3089 2867 3164 II,

766 3186 826 3242 2.
850 3204 907 3261 p.
953 3183 1078 3241 356
1129 3204 1256 3261 sqq.
1305 3190 1364 3242 et
1394 3183 1721 3242 Hibernico
1768 3203 2034 3242 sermone
2082 3187 2143 3240 et
2196 3201 2512 3240 conversus
2558 3179 2620 3236 in
2653 3177 2865 3256 Angli-

706 3276 712 3282 ’
763 3293 970 3332 canum
1017 3272 1438 3350 transscriptus
1471 3295 1542 3332 ex
1581 3271 1817 3347 Stokes,
1863 3271 2185 3330 Goidelica.
2239 3268 2406 3330 1874
2455 3291 2511 3347 p.
2552 3270 2673 3328 129
2708 3289 2864 3345 sqq.;

761 3361 990 3419 hibern.
1037 3363 1196 3439 apud
1227 3362 1554 3435 Windisch,
1602 3361 1829 3422 Irische
1862 3361 2065 3420 Texte.
2118 3360 2285 3417 1880
2334 3379 2391 3435 p.
2432 3359 2509 3416 10
2544 3360 2697 3434 sqq.)
2733 3377 2863 3415 cum

765 3450 996 3508 scholiis
1049 3451 1262 3509 veteris
1311 3452 1611 3527 cujusdam
1661 3450 2037 3530 explicatoris
2086 3450 2259 3524 (saec.
2307 3447 2406 3504 XI
2453 3454 2522 3505 ut
2571 3448 2863 3524 putat-ur).

761 3537 854 3596 De
901 3538 1010 3596 hoc
1057 3540 1316 3599 carmine
1361 3540 1516 3598 infra
1562 3541 1751 3618 plura.

676 3627 734 3685 4.
766 3627 912 3730 Vita
958 3626 1126 3706 Colg.
1171 3628 1240 3686 II
1285 3629 1592 3796 }utraque
1655 3628 1811 3686 intra
1857 3647 2073 3686 annum
2122 3627 2247 3684 807
2300 3631 2361 3685 et
2408 3625 2643 3683 circiter
2694 3625 2863 3681 1000

678 3716 734 3774 5.
765 3716 911 3776 Vita
959 3715 1124 3796 Colg.
1171 3718 1266 3778 IV
1339 3722 1677 3794 conscripta
1720 3714 1943 3793 (Skene
1988 3714 2074 3789 II,
2121 3735 2178 3792 p.
2228 3714 2400 3807 449).

776 3999 796 4029 ¹
836 3998 1016 4067 Quem
1052 3999 1277 4063 librum,
1318 4015 1443 4050 cum
1483 3997 1667 4065 ipsum
1704 3995 1941 4066 adipisci
1978 4013 2089 4049 non
2124 3994 2408 4063 potuerim
2435 4027 2502 4034 —
2532 3994 2691 4050 deest
2717 3995 2867 4048 enim

632 4071 802 4124 etiam
851 4071 911 4124 in
962 4069 1313 4123 bibliotheca
1364 4069 1522 4140 regia
1561 4067 1916 4122 Berolinensi
1956 4097 2022 4107 —
2064 4067 2252 4120 omnia
2302 4085 2444 4135 quae
2492 4067 2562 4122 de
2610 4068 2679 4120 iis
2716 4067 2864 4127 vitis,

632 4159 773 4210 quae
813 4142 965 4209 apud
1003 4141 1182 4196 solum
1208 4140 1521 4210 Golganum
1561 4143 1801 4203 exstant,
1842 4139 1987 4192 scitu
2025 4155 2163 4207 opus
2190 4143 2367 4203 erant,
2408 4144 2680 4207 quantum
2705 4138 2867 4205 potui

633 4231 700 4265 ex
737 4229 931 4266 eorum
966 4212 1154 4278 libris,
1211 4211 1308 4280 qui
1343 4211 1470 4278 ipso
1511 4210 1762 4278 Golgano
1802 4210 1886 4263 usi
1925 4215 2081 4274 sunt,
2134 4210 2367 4264 contuli.
2445 4209 2560 4262 Sed
2598 4227 2749 4272 cum,
2803 4213 2869 4260 ut

630 4284 754 4350 ipse
790 4284 975 4336 lector
1013 4282 1249 4347 videbit,
1291 4299 1482 4335 earum
1521 4282 1769 4334 vitarum
1806 4282 2113 4334 auctoritas
2152 4297 2331 4348 paene
2371 4281 2527 4333 nulla
2566 4279 2655 4344 sit,
2696 4295 2866 4346 spero

631 4353 767 4418 fore,
810 4359 872 4406 ut
909 4354 1014 4406 hoc
1053 4355 1190 4407 mihi
1229 4353 1369 4407 vitio
1407 4370 1518 4404 non
1559 4356 1831 4406 vertatur.
