3259 5084
1551 241 1986 302 ..43...

648 423 1002 486 Hiberniam
1049 424 1297 499 ven'erit‚
1345 445 1546 498 necne,
1592 445 1733 482 nam
1779 444 1911 483 cum
1956 445 2075 482 uno
2122 425 2249 483 loco
2298 423 2473 501 (conf.
2519 446 2576 502 p.
2612 424 2767 500 306)
2814 441 2889 482 ex

647 515 965 574 Britannia
1009 517 1286 576 videatur
1332 535 1456 576 esse
1502 514 1827 590 profectus,
1892 514 2008 572 alio
2055 515 2183 573 loco
2230 513 2468 573 videtur
2514 535 2588 572 ex
2633 513 2750 572 alia
2796 533 2885 571 re·

648 606 824 681 gione
869 605 955 664 ita
1001 605 1356 663 Hiberniam
1403 603 1789 681 quaesivisse,
1834 608 1905 660 ut
1950 603 2254 662 omitteret
2299 603 2677 663 Britanniam
2723 601 2888 661 adire

649 699 710 752 et
754 693 956 752 videre
1003 700 1278 771 parentes
1326 694 1444 770 (ep.
1475 714 1534 770 p.
1567 693 1740 768 317).

826 782 992 856 Quae
1041 803 1174 841 cum
1218 783 1310 840 ita
1352 783 1488 855 sint,
1536 781 1817 840 audacius
1865 780 2007 839 mihi
2038 781 2279 840 videtur
2324 791 2657 840 asseverare
2688 779 2886 838 Patri-

651 872 806 929 cium
849 870 1102 930 testibus
1148 871 1336 949 ipsius
1383 870 1624 948 scriptis
1671 871 1835 928 nullo
1883 870 1999 928 nisi
2044 870 2172 947 ipso
2220 871 2331 928 deo
2379 877 2621 929 auctore
2668 869 2731 926 in
2777 869 2887 930 Hi-

648 960 916 1018 berniam
979 961 1335 1038 pervenisse.
1439 961 1594 1019 Nam
1662 959 1733 1030 ii,
1807 959 1911 1034 qui
1969 965 2251 1035 premunt
2308 959 2637 1018 Patricium
2698 978 2889 1034 neque

649 1047 934 1107 Germani
979 1070 1170 1126 neque
1217 1049 1540 1107 Coelestini
1583 1068 1775 1124 neque
1820 1048 2227 1107 Romanorum
2274 1068 2463 1124 neque
2510 1047 2691 1105 ullius
2736 1047 2889 1105 alius
2970 1044 2975 1049 ’

649 1158 711 1197 se
771 1138 963 1213 ipsum
1023 1137 1317 1196 mittentis
1385 1137 1745 1195 mentionem
1817 1137 2047 1210 fecisse,
2116 1159 2190 1195 ne
2260 1138 2582 1213 neglegant
2654 1155 2885 1212 quaem,

649 1226 807 1302 quod
855 1226 1091 1284 omnino
1137 1226 1199 1283 in
1248 1227 1610 1284 confessione
1646 1231 1705 1283 et
1736 1225 1993 1302 epistula
2040 1227 2301 1304 exceptis
2347 1227 2610 1304 ipsorum
2639 1224 2890 1282 Patricii

649 1320 712 1373 et
775 1313 1040 1372 Corotici
1100 1319 1280 1390 atque
1343 1320 1657 1392 parentum
1719 1315 1968 1373 Patricii
2029 1317 2366 1374 nominibus
2426 1316 2653 1372 nullum
2710 1313 2889 1371 ullius

649 1403 902 1462 hominis
956 1423 1168 1462 nomen
1224 1404 1553 1476 invenitur,
1623 1404 1801 1462 immo
1860 1403 2159 1467 Patricius
2216 1404 2417 1463 dedita
2473 1425 2654 1481 opera
2710 1403 2888 1461 etiam

652 1499 852 1550 eorum
899 1492 1228 1565 hominum,
1293 1494 1367 1550 de
1415 1493 1630 1568 quibus
1676 1493 1907 1552 locutus
1955 1502 2069 1566 est,
2131 1494 2369 1552 nomina
2424 1493 2693 1552 retinuit.
2788 1489 2889 1547 An

653 1581 785 1656 quis
833 1587 923 1640 est
967 1582 1094 1654 ille,
1152 1582 1254 1656 qui
1299 1580 1422 1661 ipse
1469 1600 1566 1640 ore
1609 1601 1715 1640 suo
1762 1580 2022 1642 dixerat.-
2090 1601 2210 1642 eeee
2255 1591 2318 1642 tu
2349 1579 2787 1662 promovendus
2832 1598 2889 1638 es

651 1667 736 1728 acl
775 1669 1036 1750 yradum
1081 1664 1480 1750 episcopatus?
1539 1670 1759 1729 Utrum
1805 1670 1988 1744 idem,
2037 1692 2209 1747 quem
2258 1671 2673 1730 amicissimum
2721 1689 2889 1728 suum

650 1758 948 1817 Patricius
1003 1760 1330 1836 appellavit
1385 1781 1461 1818 an
1515 1759 1706 1818 alius?
1764 1761 1939 1834 (conf.
1972 1783 2031 1838 p.
2068 1760 2238 1836 305).
2328 1759 2721 1820 Nihilosecius
2776 1759 2889 1829 ille,

653 1846 757 1922 qui
789 1846 1020 1906 dixerat
1048 1847 1378 1906 Patricium
1409 1849 1874 1925 promovendum
1906 1870 2031 1908 esse
2078 1851 2153 1908 ad
2202 1850 2451 1925 gradum
2497 1849 2889 1926 episcopatuS,

653 1936 989 1995 testimonio
1036 1943 1128 1996 est
1170 1936 1499 1998 Patricium
1546 1936 2005 2014 haudquaquam
2054 1939 2325 1996 omnibus
2372 1937 2645 1995 humanis
2690 1941 2888 1994 aucto-

653 2025 818 2084 ribus
866 2026 1114 2084 exclusis
1161 2025 1224 2083 in
1269 2026 1623 2085 Hiberniam
1670 2027 2025 2103 pervenisse.
2090 2027 2207 2086 Sed
2254 2028 2516 2086 desinam
2564 2027 2890 2102 exprimere

654 2115 996 2173 obscuriora
1041 2115 1142 2172 illa
1188 2115 1370 2174 verba
1416 2114 1510 2172 vel
1559 2114 1774 2172 similia
1821 2115 2020 2191 plura,
2077 2116 2254 2173 immo
2303 2117 2495 2173 missis
2540 2115 2891 2190 ambagibus

655 2203 970 2278 proferam,
1021 2203 1163 2278 quid
1211 2203 1478 2260 sentiam.
1539 2202 1896 2259 Persuasum
1945 2203 2099 2259 enim
2145 2203 2294 2260 mihi
2338 2209 2428 2261 est
2458 2202 2709 2260 Patrioii
2756 2222 2890 2261 con-

653 2292 965 2350 fessionem
1025 2298 1086 2350 et
1149 2291 1463 2367 epistulam
1533 2309 1650 2347 non
1720 2291 1907 2348 solum
1974 2309 2094 2347 ‘non
2166 2311 2499 2367 repugnare
2568 2290 2667 2362 iis,
2741 2310 2891 2365 quae

653 2386 905 2438 exeunte
952 2380 1183 2438 saeculo
1230 2379 1480 2456 septimo
1527 2378 1600 2436 de
1641 2377 1894 2436 Patricii
1938 2377 2253 2436 itineribus
2298 2399 2406 2455 per
2436 2377 2665 2436 Gallias
2710 2383 2889 2452 atque

652 2469 894 2528 Italiam
941 2467 1105 2528 Scoti
1150 2469 1500 2540 narrabant,
1569 2466 1673 2525 sed
1720 2467 1899 2525 etiam
1945 2486 2103 2539 cum,
2176 2468 2377 2544 quales
2433 2486 2589 2524 nunc
2636 2471 2889 2535 exstant,

654 2562 798 2630 tam,
849 2559 1052 2633 quales
1099 2558 1240 2616 olim
1270 2557 1452 2616 fuisse
1484 2556 1781 2629 videntur,
1830 2557 1989 2614 illam
2037 2557 2227 2634 ipsam
2273 2555 2673 2614 narrationem
2720 2573 2891 2631 posse

651 2648 750 2705 vel
795 2647 1062 2724 potuisse
1107 2646 1472 2706 confirmare.
1563 2643 1943 2722 Argumenta
1998 2651 2220 2718 autem,
2283 2645 2499 2722 quibus
2556 2640 2701 2700 mihi
2762 2662 2891 2719 per-

653 2726 898 2794 suasum
937 2739 1056 2807 est,
1103 2741 1242 2794 sunt
1284 2735 1522 2793 haecce:
2906 2731 2911 2734 ’

833 2823 1185 2898 Dispersum
1232 2843 1292 2880 se
1339 2843 1464 2880 esse
1509 2830 1717 2882 narrat
1747 2823 2047 2881 Patricius
2092 2843 2200 2900 per
2228 2827 2435 2898 gentes
2466 2822 2685 2879 multas
2718 2821 2893 2896 (conf.

655 2931 714 2987 p.
751 2910 928 2986 297),
991 2911 1094 2968 sed
1140 2930 1430 2985 quaenam
1477 2911 1701 2969 fuerint
1746 2911 1882 2968 illae
1930 2917 2137 2986 gentes
2183 2931 2301 2969 non
2350 2911 2513 2968 dicit.
2605 2909 2894 2968 Attamen

657 2999 826 3074 quasi
869 2999 1237 3075 praeteriens
1291 3016 1412 3055 non
1469 2999 1658 3055 solum
1706 2998 1779 3056 de
1825 2998 2135 3057 Britannis
2193 3005 2252 3057 et
2308 2998 2501 3058 Scotis
2558 2999 2662 3056 sed
2717 2999 2895 3056 etiam

657 3088 730 3145 de
761 3085 956 3146 Gallis
996 3093 1057 3145 et
1085 3086 1372 3146 Romanis
1418 3086 1775 3144 mentionem
1822 3087 1979 3144 fecit.
2072 3087 2287 3164 Itaque
2334 3108 2466 3146 cum
2513 3087 2672 3145 dicat
2720 3088 2895 3162 (conf.

655 3197 712 3254 p.
749 3177 903 3252 309)
951 3182 1157 3254 optare
1204 3196 1355 3248 sese,
1425 3182 1494 3234 ut
1548 3175 1726 3234 liceat
1780 3176 1896 3233 sibi
1948 3174 2035 3234 ire
2084 3195 2203 3234 ‘non
2256 3173 2444 3235 solum
2496 3175 2580 3234 acl
2626 3174 2895 3255 patriam

657 3264 759 3323 sed
805 3264 979 3325 etiam
1030 3284 1208 3348 usque
1262 3263 1346 3323 acl
1393 3258 1656 3324 Galliam
1701 3272 1751 3322 et
1795 3263 2029 3324 visitare
2082 3263 2311 3346 fratres
2363 3285 2522 3335 suos,
2589 3273 2653 3322 ut
2706 3263 2896 3322 videat.

641 3350 868 3434 faeiem
911 3363 1246 3413 sanctorum
1276 3349 1528 3412 Domini
1569 3353 1678 3424 sui,
1728 3359 1788 3412 et
1835 3375 1965 3412 cum
2011 3354 2217 3413 laudet
2248 3357 2361 3430 (ep.
2397 3356 2452 3426 7,
2484 3375 2541 3431 p.
2579 3354 2732 3428 317)
2764 3372 2891 3411 oon-

659 3439 1016 3502 suetudinem
1061 3439 1476 3502 Romanomcm
1525 3437 1945 3522 Gallorumque
1992 3439 2479 3512 Christianorum,
2524 3441 2627 3522 qui
2667 3440 2897 3500 mittant

654 3527 1015 3611 presbyteros
1067 3540 1294 3591 sanctos
1348 3530 1584 3591 idoneos
1648 3531 1733 3590 ad
1793 3527 2062 3590 Francos
2126 3540 2177 3590 et
2234 3539 2459 3590 exteras
2514 3538 2706 3610 yeme-3
2764 3549 2897 3588 cum

659 3627 740 3678 tot
795 3615 1028 3678 milibus
1094 3617 1418 3680 solidorum
1491 3619 1576 3678 ad
1638 3617 2008 3678 redimendos
2077 3617 2329 3699 captivos
2400 3617 2747 3700 baptizato&
2812 3652 2895 3662 -

659 3714 913 3785 apparet
957 3729 1164 3766 revera
1211 3707 1520 3767 Gallorum
1566 3715 1803 3784 gentem
1848 3718 2029 3766 unam
2075 3729 2199 3768 esse
2246 3727 2317 3766 ex
2377 3708 2477 3780 iis,
2538 3708 2601 3764 in
2648 3727 2896 3784 quarum

658 3797 931 3873 regiones
962 3798 1293 3875 dispersum
1341 3819 1401 3856 se
1447 3817 1574 3854 esse
1621 3803 1831 3855 auctor
1874 3797 2141 3856 tradidit.
2206 3797 2365 3871 Quin
2396 3797 2573 3854 etiam
2606 3795 2897 3874 expressis

660 3886 857 3946 verbis
886 3887 1186 3946 Patricius
1232 3888 1295 3945 in
1341 3886 1705 3945 confessione
1736 3885 1973 3945 videtur
2018 3887 2376 3944 mentionem
2420 3886 2625 3944 fecisse
2673 3885 2746 3943 de
2793 3905 2899 3942 sua

661 3975 722 4032 in
770 3974 962 4036 Gallis
1009 3977 1493 4048 commoratione,
1563 3975 1666 4033 sed
1714 3982 1837 4035 tam
1882 3977 2166 4054 perplexa
2213 3981 2352 4034 sunt
2397 3976 2605 4048 verba,
2675 3982 2743 4034 ut
2788 3994 2896 4051 pro

663 4072 824 4124 certo
870 4066 955 4123 nil
1003 4063 1282 4123 affirmari
1338 4064 1543 4141 possit.
1638 4062 1737 4123 An
1795 4071 1965 4142 potes
2021 4063 2372 4122 Germanice
2430 4069 2659 4122 vertere
2716 4066 2898 4122 verba

661 4153 898 4212 haecce:
963 4161 1182 4234 oportet
1215 4197 1227 4210 .
1263 4197 1275 4210 .
1309 4197 1321 4210 .
1361 4151 1482 4211 sine
1526 4150 1732 4212 timore
1754 4151 2119 4236 fiducialiter
2164 4151 2261 4212 clei
2300 4171 2509 4212 nomen
2553 4151 2758 4232 ubique
2802 4171 2896 4211 ex-

655 4241 947 4319 pandere,
1017 4251 1080 4300 ut
1136 4240 1310 4301 etiam
1367 4251 1503 4320 post
1557 4239 1773 4302 obitum
1825 4233 2019 4300 meum
2072 4261 2144 4302 em
2200 4261 2237 4299 α
2296 4237 2525 4302 Gallias
2579 4238 2901 4322 relinquere

647 4327 944 4408 fratribus
975 4339 1025 4388 et
1049 4327 1201 4412 filiis
1231 4328 1392 4400 meis,
1426 4351 1567 4411 quos
1592 4331 1652 4389 in
1674 4327 1936 4390 Domino
1968 4349 2070 4410 eqo
2100 4327 2395 4408 baptizavi
2416 4331 2593 4405 (conf.
2618 4351 2675 4407 p.
2704 4331 2899 4408 300st
