3259 5084
1292 278 1772 333 -103-

412 450 769 515 adulterium
814 454 988 513 electi
1036 460 1231 513 essent
1263 453 1541 531 episcopi,
1590 452 1822 512 addidit
1866 451 2246 523 „ab-sconsum
2289 462 2479 511 tamen
2525 451 2658 514 dico

416 564 549 603 cum
578 538 849 603 clientelis
880 538 1254 614 adulterium,
1286 541 1445 623 quod
1474 540 1644 621 apud
1671 550 1898 601 nostros
1925 540 2240 621 mayietroe
2269 561 2386 600 non
2416 540 2660 601 minori&

414 640 671 691 censetur
699 630 1033 712 facinoris‘,
1080 632 1198 708 (ep.
1248 631 1305 702 5,
1354 652 1411 709 p.
1446 631 1527 688 32
1563 629 1667 706 G).
1732 629 1999 689 Obscura
2043 632 2189 689 haec
2233 632 2434 690 verba.
2497 630 2658 703 Quid

418 722 530 781 sibi
576 717 709 780 vult
754 740 889 779 cum
932 718 1199 781 clientelis
1228 720 1417 777 illud?
1476 720 1568 782 Ne
1600 712 1828 779 diutius
1857 739 2154 778 moremur
2182 720 2245 777 in
2291 714 2662 798 explicandis

418 810 510 870 his
556 808 756 868 verbis
802 844 889 853 -—
934 830 1073 867 nam
1128 809 1462 867 accuratius
1522 809 1860 868 examinata
1906 810 2037 887 ipsa
2095 808 2455 881 indicarent,
2505 828 2657 885 quae

424 904 578 958 esset
607 898 770 957 vocis
818 898 1126 956 clientelae
1172 896 1528 975 significatio
1562 934 1647 943 —-
1682 898 2006 970 audiamuS,
2053 916 2204 973 quae
2251 897 2474 973 scripta
2519 902 2660 955 sunt
2739 904 2746 911 ‘

418 987 481 1045 in
512 987 854 1060 Columbae,
902 988 1006 1063 qui
1052 986 1289 1058 dicitur,
1335 986 1409 1044 de
1440 986 1942 1065 poenitentiarum
1987 1006 2263 1044 mensura
2302 986 2456 1045 libro
2490 1006 2537 1043 c.
2573 986 2658 1042 20

417 1076 600 1151 (Bibl.
648 1096 799 1133 max.
854 1076 953 1147 12,
998 1096 1055 1153 p.
1092 1076 1195 1148 22,
1240 1075 1780 1146 Wasserschleben‚
1829 1074 2334 1151 Bussordnungen
2381 1095 2438 1151 p.
2475 1074 2656 1149 356).

416 1161 489 1223 Si
530 1162 658 1245 quis
704 1160 943 1223 clericus
987 1172 1091 1221 aut
1134 1120 1419 1223 diaconus
1461 1160 1551 1223 vel
1591 1160 1844 1243 alicujus
1883 1162 2130 1243 yradus',
2175 1162 2280 1243 qui
2319 1160 2503 1222 laicus
2532 1159 2661 1245 fuit

414 1252 476 1312 in
520 1251 750 1313 sacerdo
794 1272 928 1311 cum
951 1249 1103 1335 filiis
1147 1261 1199 1311 et
1238 1248 1515 1336 filiabuS,
1565 1260 1708 1332 post
1766 1249 2190 1311 conversionem
2233 1272 2406 1311 suam
2447 1250 2660 1311 iterum

416 1361 586 1401 suam
628 1339 955 1421 coqnoverit
1000 1337 1319 1401 clientelam
1364 1349 1415 1401 et
1435 1339 1644 1425 fllium
1671 1340 1882 1401 iterum
1911 1340 1984 1400 de
2013 1338 2084 1399 ea
2109 1339 2384 1421 yenuerit,
2429 1339 2576 1400 sciat
2600 1357 2663 1399 ee

416 1428 771 1490 adulterium
808 1437 1175 1511 perpetrasse
1219 1438 1273 1490 et
1315 1449 1432 1489 non
1483 1428 1678 1489 minus
1716 1447 1971 1508 pecasse,
2019 1448 2200 1509 quam
2249 1428 2304 1488 si
2347 1427 2420 1489 ab
2453 1426 2656 1509 juven-

416 1527 532 1577 tute
576 1538 685 1577 sua
731 1515 967 1579 clericus
996 1516 1212 1600 ficisset
1256 1527 1308 1577 et
1352 1539 1485 1578 cum
1521 1514 1728 1601 puella
1757 1514 1953 1577 aliena
1983 1526 2300 1597 peccasset,
2346 1516 2486 1598 quia
2519 1524 2661 1596 post

418 1614 615 1667 votum
659 1627 835 1665 mum
872 1606 1152 1685 peccavit,
1195 1616 1511 1689 postquam
1552 1626 1613 1666 se
1657 1604 1898 1666 domino
1942 1604 2292 1666 consecravit
2353 1614 2405 1664 et
2464 1614 2661 1664 votum

419 1716 591 1755 suum
638 1694 875 1755 initum
903 1694 1051 1777 fecit
1088 1730 1163 1739 —-
1200 1704 1261 1756 et
1308 1696 1525 1754 similia
1569 1696 1632 1754 in
1663 1694 2090 1753 Poenitentiali
2123 1694 2439 1767 Vinniani,
2487 1712 2662 1770 quem

424 1784 1037 1845 Wasserschlebenius
1084 1786 1335 1843 eundem
1392 1785 1573 1843 fuisse
1632 1784 1872 1861 putavit
1929 1789 2112 1859 atque
2134 1826 2136 1829 ψ
2157 1782 2479 1841 Pinianum
2528 1782 2660 1841 Clo·

418 1874 771 1932 nardensem
820 1870 1232 1947 (Wasserschl.
1278 1870 1803 1954 Buesordnungen,
1850 1892 1907 1948 p.
1949 1872 2026 1930 10
2061 1877 2123 1929 et
2173 1872 2328 1943 1143
2377 1873 2450 1929 cf.
2481 1890 2662 1948 supra

415 1983 472 2039 p.
523 1960 661 2037 55)·
706 1958 761 2018 si
801 1958 931 2040 quis
960 1957 1153 2039 suerit
1196 1949 1433 2019 clevicus
1476 1968 1580 2019 aut
1623 1957 1874 2040 alicujus
1914 1958 2144 2040 yradue
2204 1968 2254 2019 et
2301 1917 2486 2019 laicam
2530 1966 2663 2017 ante

418 2046 553 2109 cum
576 2044 733 2129 filiis
777 2055 829 2105 et
851 2043 1097 2130 filiabus
1141 2046 1262 2107 suis
1308 2045 1633 2109 cleventella
1677 2069 1785 2107 cua
1822 2068 2079 2131 fyr-qma
2115 2044 2326 2108 habitet
2371 2056 2426 2109 et
2467 2046 2666 2113 redeat

420 2135 503 2195 ad
547 2132 781 2196 carnale
841 2134 1193 2196 desiderium
1248 2145 1299 2195 et
1346 2137 1608 2218 yenuerit
1645 2135 1849 2221 filium
1903 2156 1976 2196 ea-
2019 2133 2370 2208 cleventella,
2415 2135 2560 2199 sciat
2603 2154 2666 2197 ee

417 2224 595 2284 ruina
639 2222 909 2285 mxima
952 2223 1220 2285 cecidisse
1246 2246 1366 2286 non
1394 2224 1590 2286 minus
1628 2234 1937 2353 peccatum
1981 2223 2103 2307 ejus
2147 2235 2211 2285 ut
2255 2235 2396 2287 esset
2424 2224 2664 2285 olemus

420 2333 491 2373 ex
520 2310 819 2395 juventute
864 2318 974 2373 etc.

602 2402 815 2462 Nonne
862 2402 1007 2461 haec
1054 2405 1253 2477 verba,
1300 2404 1363 2463 in
1413 2405 1629 2480 quibus
1675 2412 1915 2482 praeter
1961 2403 2286 2461 Columbae
2331 2401 2482 2459 illud
2527 2401 2667 2460 solis

420 2492 724 2551 invenitur
767 2512 887 2551 vox
934 2492 1244 2551 clientelae
1289 2494 1390 2567 (cf.
1420 2494 1521 2551 Du
1552 2490 1758 2567 Cange
1803 2494 1934 2550 sub.
1977 2510 2104 2549 voc.
2135 2491 2486 2566 clientelae),
2518 2489 2664 2546 illud

426 2578 753 2639 Columbae
798 2574 887 2636 ita
931 2580 1425 2655 interpretantur,
1486 2588 1557 2637 ut
1602 2585 1892 2657 appareat
1935 2598 2140 2638 vocem
2187 2578 2497 2637 clientelae
2542 2578 2664 2637 vim

400 2668 645 2726 habere
676 2666 921 2725 uxoris?
966 2667 1248 2725 Profecto
1278 2674 1385 2726 aut
1416 2666 1740 2726 Columbae
1771 2673 1914 2726 nota
1943 2674 2115 2726 erant
2145 2666 2436 2726 Vinniani
2465 2668 2664 2739 verba,

426 2761 533 2815 aut
576 2756 705 2833 ipse
752 2754 991 2832 scripsit
1036 2756 1231 2814 locum
1273 2754 1443 2815 illum
1490 2756 1632 2814 libri
1686 2756 1773 2814 de·
1814 2755 2319 2833 poenitentiarum
2371 2750 2666 2827 mensura,

430 2851 537 2905 aut
571 2844 907 2921 'utrumque
960 2844 1388 2923 poenitentiale
1440 2844 1662 2904 nititur
1712 2845 1774 2903 in
1841 2845 1946 2905 illa
2013 2844 2338 2904 Columbae
2391 2844 2666 2923 epistula.

426 2934 595 3009 Quae
640 2952 735 2991 res
782 2934 1075 3009 quomodo
1114 2954 1175 2993 se
1214 2933 1449 3007 habeat,
1487 2940 1696 2993 nostra
1732 2954 1850 2993 non
1886 2934 2124 2993 refert.1
2185 2934 2357 3007 Nam,
2398 2931 2664 2993 simulat·

568 3162 590 3193 ¹
628 3158 828 3228 Neque
867 3158 1138 3212 Vinniani
1177 3159 1327 3212 libro
1365 3176 1550 3227 neque
1590 3158 1918 3224 Columbae,
1960 3160 2057 3229 qui
2097 3160 2321 3221 dicitur,
2364 3158 2434 3211 de
2471 3158 2663 3225 poeni-

421 3178 759 3285 tentiarumq
774 3229 1036 3283 mensura
1073 3230 1221 3282 libro
1258 3230 1399 3282 mihi
1436 3230 1612 3283 licere
1651 3230 1736 3283 uti
1763 3230 2048 3294 constitui,
2089 3230 2220 3299 quia
2246 3233 2484 3297 uterque
2515 3228 2668 3281 liber

424 3334 490 3343 -
533 3300 785 3371 quamvis
823 3300 1108 3353 levissima
1146 3300 1282 3364 sint,
1336 3316 1479 3369 quae
1516 3299 1806 3354 Ebrardus
1845 3304 1928 3370 (p.
1971 3271 2074 3355 15'4
2113 3304 2171 3353 et
2208 3299 2540 3356 zeitschrift
2574 3298 2670 3356 fiir

424 3374 555 3427 hist.
598 3372 797 3425 Theol.
840 3370 995 3437 1875,
1034 3388 1091 3439 p
1130 3371 1261 3438 503)
1301 3370 1569 3425 disseruit
1602 3371 1678 3424 de
1717 3371 2028 3427 Columbae
2066 3372 2232 3436 libro,
2285 3370 2356 3425 de
2393 3387 2504 3439 quo
2544 3370 2663 3425 solo

424 3444 773 3498 mentionem
810 3442 953 3496 fecit
978 3472 1045 3481 --
1073 3440 1347 3494 incertior
1382 3441 1523 3494 mihi
1560 3442 1806 3507 videtur,
1848 3461 2016 3511 quam
2055 3459 2164 3512 quo
2192 3413 2431 3513 litamur.
2496 3440 2667 3495 Certe

423 3514 701 3570 Vinniani
728 3512 1148 3569 Poenitentiale
1175 3529 1208 3566 a
1241 3510 1481 3567 Piniano
1516 3512 1889 3567 Clonardensi
1915 3514 2300 3581 conscriptum
2323 3530 2439 3566 non
2465 3516 2566 3578 est,
2595 3543 2662 3553 —

422 3584 1134 3721 ?‚i2q¹i›³35r¹{{21{⁰{3„3{‘1·³31²13¹‚
1174 3582 2350 3725 {⁸30{Y3333{?⁰}¹‡12t33²?⁸ss22¹13015312ss⁰211
2366 3583 2667 3708 Ιίἑῖξθὲἰῖἒ

424 3728 662 3783 australi
690 3726 1039 3793 conscriptos
1070 3742 1191 3780 esse
1210 3730 1349 3794 puto
1372 3726 1469 3796 (cf.
1492 3743 1664 3794 supra
1692 3744 1748 3795 p.
1775 3728 1844 3781 39
1864 3745 1946 3796 sq.
1976 3731 2034 3780 et
2061 3726 2332 3781 Cumeani
2357 3742 2446 3795 ep.
2474 3724 2662 3779 Usser.

426 3816 515 3867 ep.
560 3798 799 3853 Hibern.
840 3798 966 3865 syll.
1007 3814 1064 3865 Ρ.
1106 3798 1219 3865 23).
1281 3798 1503 3879 Itaque,
1541 3814 1677 3851 num
1708 3797 1979 3853 Vinniani
2013 3798 2161 3852 liber
2198 3801 2328 3851 ante
2354 3797 2666 3851 Columbae

426 3866 793 3923 Luxoviensis
835 3872 1097 3935 tempora
1134 3866 1477 3935 compositus
1516 3869 1607 3935 sit,
1636 3870 1802 3923 valde
1829 3869 2064 3922 dubium
2100 3869 2240 3923 mihi
2268 3885 2388 3923 esse
2415 3868 2658 3922 videtur.

425 3938 495 3991 In
545 3938 852 3993 Columbae
895 3956 1059 4002 ver0,
1122 3939 1217 4007 qui
1266 3938 1503 4003 dieitur,
1558 3911 1629 3992 d'e
1678 3940 2158 4008 poenitentiorum
2207 3956 2469 3993 mensura
2515 3939 2666 3991 libro

425 4008 603 4077 ipsius
654 4009 960 4063 Columbae
1010 4013 1070 4063 et
1116 4009 1358 4061 aliorum
1418 4010 1730 4065 sententias
1789 4012 2122 4081 compilatas
2177 4027 2298 4064 esse
2347 4009 2664 4063 Schoellius

410 4078 685 4149 profecto
722 4096 839 4164 non
874 4080 1089 4133 temere
1126 4081 1457 4147 suspicatus
1488 4084 1577 4133 est
1613 4082 1694 4149 (Ρ.
1734 4084 1848 4152 60),
1889 4100 2066 4153 eaque
2115 4083 2188 4135 de
2223 4098 2391 4135 causa
2426 4080 2494 4132 iis
2532 4096 2662 4131 con-

426 4152 690 4215 sentiam,
741 4151 839 4221 qui
885 4151 1048 4203 illum
1093 4150 1301 4204 librum
1350 4151 1558 4204 saeculi
1615 4154 1844 4220 septimi
1891 4153 2258 4236 temporibus
2289 4150 2560 4204 Bobiensi
2604 4150 2665 4203 in

424 4221 769 4277 monasterio
808 4220 1183 4289 compositum
1208 4238 1329 4275 esse
1366 4223 1679 4276 senserunt.
1734 4222 1851 4277 Sed.
1887 4225 1938 4277 si
1973 4240 2117 4292 quae
2153 4221 2328 4291 ipsius
2355 4220 2663 4275 Columbae

423 4294 744 4348 sententiae
784 4292 843 4345 in
880 4292 1029 4347 libro
1066 4293 1167 4345 illo
1206 4293 1571 4347 continentur
1606 4322 1672 4334 -
1703 4294 1856 4363 quod
1890 4294 2116 4349 omnino
2155 4292 2388 4345 dubium
2425 4308 2538 4344 non
2579 4294 2668 4343 est

425 4396 494 4406 —
534 4369 688 4420 certe
737 4364 897 4433 origo
946 4364 1175 4417 illorum
1221 4364 1524 4417 verborum
1571 4364 1644 4417 de
1701 4365 1982 4419 adulterio
2035 4363 2374 4417 clericorum
2420 4363 2492 4417 ab
2539 4362 2668 4431 ipso
