3259 5084
1304 226 1742 283 ...65-

408 406 561 465 61161
608 403 848 480 quidam
896 403 1203 481 episcopus
1262 404 1326 462 in
1381 403 1805 462 monasterium
1853 410 2098 462 venerat
2145 407 2238 480 (ut
2282 404 2450 463 Beda
2495 406 2552 462 h.
2599 428 2652 465 e.

407 496 464 566 3,
514 495 617 565 21,
667 493 702 568 ἓ
739 493 911 567 212),
958 492 1032 551 116
1078 512 1197 551 11011
1242 493 1445 551 1166161
1489 492 1699 550 1611610
1746 492 2104 551 monasterio
2144 494 2540 569 peregrinatis
2585 494 2649 552 in

404 581 553 641 alias
598 581 871 657 regiones
918 580 1113 639 officia
1159 581 1421 658 episcopi
1466 601 1598 639 cum
1659 580 1944 657 simplicis
2004 580 2278 640 monachi
2322 582 2452 641 vita
2497 602 2647 640 com·

407 678 659 729 mutare.
707 704 794 713 —-—
839 669 1017 729 Unde
1060 669 1190 727 fieri
1237 670 1453 747 potuit,
1501 676 1569 728 ut
1615 669 1733 728 duo
1779 670 1874 729 vel
1919 670 2118 747 plures
2173 670 2236 726 in
2281 689 2398 728 uno
2447 691 2655 729 mona-

405 758 585 818 sterio
632 764 1138 817 commorarentur
1184 758 1465 836 episcopi,
1514 758 1660 834 quin
1715 758 1896 816 etiam
1942 760 2166 817 factum
2215 765 2322 832 est,
2368 765 2438 817 ut
2484 759 2643 817 affir-

404 854 529 907 mat
571 846 838 906 Toddius
886 848 1029 921 (vid.
1060 847 1339 923 Loening
1384 847 1471 919 II,
1504 869 1561 924 p.
1596 846 1724 905 445
1759 853 1883 905 not.
1923 848 2002 922 1),
2048 848 2208 922 quod
2256 850 2650 924 comprobant

401 936 677 995 Muirchu
723 936 853 1010 (vit.
887 935 1053 995 Patr.
1086 936 1341 995 Betham
1376 935 1463 1009 II,
1496 957 1633 1013 app.
1667 956 1724 1011 p.
1756 934 1883 1011 XI)
1926 942 1989 993 et
2021 934 2387 994 Tirechanus
2419 938 2648 1011 (annot.

401 1026 479 1083 ib.
514 1024 822 1099 XXVII),
872 1024 1093 1103 quippe
1139 1025 1243 1100 qui
1287 1023 1570 1083 finxerint
1618 1024 1872 1082 Patricii
1911 1027 2038 1099 jam
2083 1024 2452 1101 temporibus
2498 1024 2650 1083 duos

404 1113 711 1191 episcopos
760 1112 963 1170 eodem
1011 1120 1279 1190 tempore
1326 1113 1517 1171 eidem
1564 1112 1841 1171 ecclesiae
1886 1113 2230 1189 praefuisse.

579 1200 747 1259 Haec
794 1201 867 1259 de
915 1202 1205 1279 episcopis
1236 1200 1770 1273 monasterialibus,
1803 1234 1888 1245 --
1918 1200 2238 1260 incertiora
2268 1220 2424 1273 sane,
2467 1221 2649 1277 quam

400 1296 469 1349 ut
513 1310 605 1347 me
652 1290 845 1366 ipsum
890 1290 1219 1367 impediant
1264 1297 1501 1367 optare,
1548 1297 1618 1350 ut
1663 1289 1810 1347 11666
1855 1294 1985 1347 tota
2040 1290 2112 1347 de
2170 1290 2464 1368 episcopis
2520 1310 2642 1348 mo-

400 1378 820 1437 nasterialibus
884 1378 1152 1454 quaestio
1216 1379 1467 1438 exclusis
1527 1378 1770 1437 incertis
1830 1378 2226 1454 posteriorum
2286 1378 2646 1437 testimoniis

399 1468 593 1525 denuo
652 1471 949 1525 tractetur
1008 1467 1083 1526 ab
1148 1467 1247 1537 iis,
1311 1467 1415 1543 9111
1474 1488 1570 1525 166
1629 1466 1991 1525 Η11161111666
2051 1466 2290 1545 penitus
2349 1467 2644 1527 noverint.

400 1556 575 1629 Quod
622 1555 671 1613 si
716 1556 941 1613 factum
989 1556 1118 1628 erit,
1164 1576 1337 1634 spero
1383 1558 1528 1628 fore,
1572 1562 1642 1614 ut
1683 1554 2055 1613 manifestius
2097 1554 2222 1625 fiat,
2271 1556 2428 1631 quod
2459 1575 2646 1633 supra

399 1643 693 1715 contendi,
740 1643 803 1701 in
850 1644 1095 1703 ecclesia
1125 1643 1439 1703 Scotorum
1483 1651 1728 1721 praeter
1771 1643 1879 1701 hos
1926 1643 2372 1703 monasteriales
2418 1664 2639 1760 nequa-

399 1753 575 1809 9116111
623 1732 879 1791 defuisse
926 1733 1233 1834 episcopos
1277 1732 1664 1809 parochiales.

575 1820 678 1878 An
724 1821 878 1893 inde,
928 1821 1088 1923 quod
1120 1822 1195 1879 111
1228 1820 1429 1880 Gallia
1462 1820 1682 1879 saeculi
1714 1820 1910 1879 octavi
1941 1820 2310 1898 temporibus
2351 1839 2638 1877 nonnum-

398 1929 573 1984 quam
633 1909 813 1967 iidem
875 1910 1141 1987 episcopi
1200 1910 1644 1969 monasteriales
1702 1908 2088 1967 inveniuntur
2139 1944 2214 1951 —
2267 1928 2334 1967 ac
2401 1908 2640 1985 quidem

398 1998 741 2074 plerumque
788 1998 905 2071 ita,
968 2004 1038 2057 ut
1083 1997 1201 2076 ipsi
1246 1999 1495 2057 abbates
1542 1998 1720 2055 iidem
1769 1997 2031 2075 episcopi
2075 1997 2257 2055 fuisse
2303 1996 2649 2069 videantur,

400 2085 589 2144 rarius
634 2086 741 2159 ita,
803 2093 874 2144 ut
920 2086 1183 2163 episcopi
1242 2087 1331 2144 illi
1391 2087 1770 2164 reperiantur
1816 2087 1878 2143 in
1925 2086 2344 2144 monachorum
2391 2105 2648 2144 1111111610

398 2181 697 2233 versantes
760 2181 821 2233 et
882 2175 1199 2233 abbatibus
1261 2175 1515 2252 subjecti
1566 2210 1644 2219 -—
1695 2176 1967 2251 sequitur
2025 2181 2170 2233 111116
2227 2175 2514 2252 temporis
2573 2174 2642 2232 in

397 2260 595 2321 Gallia
641 2263 899 2323 defuisse
946 2264 1112 2323 sedes
1160 2264 1567 2342 episcopales?
1615 2264 1808 2323 Immo
1854 2264 1972 2342 ipsi
2019 2263 2442 2341 episcopalium
2489 2260 2638 2321 Gal-

392 2350 506 2409 liae
552 2352 790 2409 urbium
836 2353 1139 2429 praesules
1186 2360 1248 2411 et
1291 2354 1405 2431 ipsi
1446 2354 1711 2432 episcopi
1739 2352 2015 2425 Romani,
2063 2372 2216 2429 91166
2253 2355 2392 2427 jura
2439 2356 2638 2409 essent

390 2440 802 2517 episcoporum
856 2442 1396 2514 monasterialium,
1456 2441 1792 2519 privilegiis
1836 2441 2233 2498 firmaverunt
2277 2440 2633 2515 (Harttung,

387 2548 444 2604 p.
496 2528 806 2602 34-47).
896 2529 1049 2587 Eam
1110 2530 1303 2605 ipsam
1365 2531 1442 2587 ob
1506 2550 1742 2587 causam
1788 2527 2162 2603 Harttungio
2209 2528 2292 2603 (p.
2343 2526 2451 2601 34)
2514 2546 2639 2585 non.

390 2616 707 2673 concedam
773 2616 1081 2691 episcopos
1136 2617 1271 2674 illos
1317 2616 1766 2675 monasteriales
1811 2615 2092 2673 ecclesiae
2141 2613 2489 2673 Gallicanae
2535 2620 2629 2673 ut-

390 2708 533 2780 pote
578 2704 653 2761 ab
702 2702 995 2781 episcopis
1041 2705 1406 2780 gubernatae
1454 2710 1515 2762 et
1559 2705 1623 2762 in
1670 2704 1979 2782 parochias
2010 2702 2372 2782 episcopales
2405 2703 2634 2762 divisae

387 2798 513 2850 tam
559 2792 711 2849 male
760 2792 1097 2868 quadrasse,
1142 2800 1214 2852 ut
1258 2795 1453 2852 facere
1497 2812 1616 2851 non
1649 2792 1956 2871 possimus,
2002 2792 2148 2869 quin
2190 2798 2466 2869 putemus
2511 2812 2638 2851 non

387 2880 513 2938 sine
560 2900 743 2958 opera
790 2880 1101 2940 Scotorum
1147 2882 1369 2940 factum
1417 2902 1569 2955 esse,
1627 2889 1697 2941 ut
1750 2881 1813 2939 in
1861 2880 2061 2941 Gallia
2107 2901 2342 2957 quoque
2387 2880 2479 2939 illi
2523 2902 2628 2958 ap-

383 2976 650 3046 pareant.
711 2967 814 3029 Ab
847 2970 997 3047 ipso,
1043 2970 1257 3047 inquit,
1289 2970 1652 3031 hierarchico
1683 2976 1846 3030 statu
1879 2971 2139 3049 episcopi
2181 2969 2628 3028 monasteriales

383 3058 637 3133 profecti
682 3078 807 3116 esse
853 3079 973 3117 non
1018 3066 1283 3137 possunt.
1361 3058 1558 3137 Atqui
1604 3081 1640 3118 a
1687 3059 2057 3119 monasteriis
2104 3064 2165 3117 et
2213 3058 2275 3116 111
2324 3056 2521 3116 Gallia
2567 3064 2630 3116 et

382 3145 446 3202 in
493 3145 808 3204 Hibernia.
900 3148 1116 3224 Itaque
1162 3168 1297 3206 raro
1344 3148 1734 3207 inveniuntur
1779 3149 1842 3205 in
1889 3146 2114 3220 Gallia,
2178 3146 2412 3224 saepius
2467 3146 2628 3222 apud

384 3232 610 3306 Scotos,
668 3253 919 3309 quorum
965 3236 1241 3295 universa
1289 3237 1534 3295 ecclesia
1579 3236 1928 3295 monasterii
1979 3235 2234 3314 speciem
2280 3235 2636 3311 praebebat.

555 3322 695 3380 Huc
743 3322 899 3380 enim
930 3324 1182 3382 redeunt
1212 3324 1427 3397 omnia,
1468 3318 1619 3400 quae
1651 3324 1968 3401 conspicua
1999 3329 2060 3382 et
2089 3322 2414 3399 singularia
2444 3322 2626 3383 fuisse

379 3411 509 3470 visa
554 3418 695 3470 sunt
740 3412 915 3470 nobis
960 3412 1241 3471 ecclesiae
1270 3412 1583 3471 Scotorum
1615 3419 1839 3471 statum
1873 3410 2401 3470 considerantibus·
2469 3412 2626 3472 Nam

376 3500 655 3577 primitus
713 3520 905 3576 neque
963 3501 1228 3579 episcopi
1272 3520 1463 3577 neque
1508 3501 1842 3578 presbyteri
1887 3521 2078 3577 neque
2125 3501 2358 3559 diaconi
2403 3500 2467 3558 in
2512 3502 2623 3557 Hi-

375 3589 585 3647 bernia
630 3588 850 3648 diversi
894 3589 1077 3649 fuisse
1121 3590 1401 3649 videntur
1446 3592 1521 3650 ab
1570 3590 1660 3663 iis,
1709 3590 1814 3665 qui
1856 3588 1920 3647 in
1967 3589 2098 3647 aliis
2145 3590 2403 3647 ecclesiis
2435 3595 2630 3661 erant,

374 3678 477 3735 sed
540 3678 810 3737 omnibus
871 3678 989 3737 illis
1052 3698 1369 3755 eorumque
1431 3680 1642 3738 officiis
1688 3679 1818 3737 vita
1875 3678 2217 3737 monachica
2261 3678 2621 3755 peculiarem

375 3767 669 3842 quandam
716 3767 971 3843 speciem
1018 3767 1453 3827 conciliaverat.
1532 3768 1694 3841 Quin
1741 3768 1920 3827 etiam
1962 3773 2090 3825 tota
2123 3767 2367 3825 ecclesia
2399 3773 2460 3825 et
2489 3766 2622 3843 ipsa

372 3854 659 3913 laicorum
705 3856 832 3914 vita
878 3856 1055 3914 certis
1102 3856 1486 3915 monachatus
1532 3857 1720 3933 signis
1768 3862 1980 3915 notata
2025 3862 2172 3917 erat.
2247 3856 2402 3916 Nam
2447 3863 2518 3914 ut
2557 3856 2623 3914 in

372 3944 747 4001 monasteriis
793 3944 1065 4003 monachi
1112 3944 1307 4003 omnia
1353 3965 1459 4003 sua
1504 3951 1750 4022 peccata
1795 3944 2114 4003 abbatibus
2161 3944 2426 4003 confiteri
2471 3944 2617 4002 sole-

370 4032 545 4102 bant,
579 4038 649 4090 ut
692 4032 795 4089 ille
840 4032 1243 4109 poenitentiae
1282 4053 1583 4092 mensuras
1616 4033 1910 4106 definiret,
1958 4034 2044 4091 ita
2077 4033 2257 4092 etiam
2286 4032 2426 4089 laici
2455 4050 2625 4088 more

370 4120 446 4178 ad
506 4119 568 4177 id
627 4124 863 4196 tempus
922 4120 983 4178 in
1044 4122 1176 4180 aliis
1238 4121 1515 4181 ecclesiae
1576 4122 1850 4199 partibus
1911 4123 2196 4181 inusitato
2257 4119 2456 4177 omnia
2509 4138 2617 4177 sua

368 4215 613 4286 peccata
675 4208 1079 4268 sacerdotibus
1141 4210 1578 4269 confitebantur
1639 4209 2012 4284 (Adamnan,
2068 4210 2173 4269 vit.
2229 4207 2354 4267 Col.
2411 4209 2462 4280 l,
2517 4210 2622 4281 17,

370 4318 427 4374 p.
480 4298 644 4370 2043
698 4299 753 4370 1,
802 4294 903 4369 40,
952 4318 1010 4374 p.
1059 4299 1219 4371 212;
1268 4300 1327 4373 2,
1379 4300 1478 4372 70,
1527 4320 1583 4375 p.
1635 4300 1807 4374 222).

2155 4399 2184 4451 5
