3259 5084
1286 236 1730 293 —75—

388 413 725 475 ordinantes
756 458 768 471 .
804 458 817 471 .
852 457 863 471 .
901 457 914 471 .
947 411 1259 491 miserunt)
1306 419 1367 471 et
1412 412 1682 471 Finanus
1727 412 1834 487 (ib.
1869 414 1926 484 3,
1979 413 2057 469 17
2109 412 2144 489 ξ
2184 413 2306 469 196
2341 417 2404 470 et
2437 412 2494 484 3,
2529 412 2635 484 25,

390 506 424 583 ἓ
474 503 631 562 2253
678 521 717 561 a
765 500 976 561 Scottis
1022 500 1327 561 ordinatus
1374 509 1425 561 et
1468 499 1704 577 missus)
1753 508 1814 560 et
1853 500 2188 573 Colmanus,
2236 499 2456 558 Finani
2503 520 2629 559 suc·

364 612 586 653 ‚cessor
631 591 737 666 (ib.
787 592 845 664 3,
895 591 979 648 25
1028 592 1063 668 ἓ
1099 592 1254 647 227:
1302 598 1353 649 et
1399 588 1519 669 4⁹33
1563 587 1776 649 missus
1821 609 1859 647 a
1891 586 2125 665 Scottis)
2173 590 2250 647 ab
2281 588 2638 647 Hiiensibus

388 681 555 741 missi
614 686 787 739 erant
847 686 909 739 et
976 677 1367 753 „ordinati“.¹
1460 678 1621 752 Quin
1685 678 1862 737 etiam
1881 722 1895 751 ,
1967 698 2305 755 quanquam
2370 683 2638 754 potestas

390 769 703 829 ordinandi
761 768 1120 827 Merciorum
1182 773 1243 826 et
1303 766 1698 826 Orientalium
1759 766 2059 826 Saxonum
2131 767 2437 844 episcopos
2498 765 2536 823 i.
2584 786 2638 824 e.

390 858 845 917 Licidfeldensis
909 863 969 916 et
1012 856 1416 917 Lundinensis
1477 856 1681 914 sedum
1726 856 2026 932 praesules
2086 874 2270 932 penes
2325 854 2640 932 episcopos

391 946 911 1006 Lindisfarnenses
958 950 1103 1017 erat,
1150 952 1349 1005 tame-n
1399 950 1557 1003 certe
1602 945 1821 1003 tertius
1851 945 2104 1003 fortasse
2136 944 2318 1003 etiam
2349 942 2642 1002 secundus

395 1035 851 1095 Licidfeldensis
899 1034 1209 1112 episcopus
1250 1035 1327 1092 ab
1357 1032 1504 1110 ipsis
1534 1033 1886 1091 Hiiensibus
1918 1038 2292 1092 consecratus
2323 1037 2416 1089 est
2445 1030 2640 1107 (Beda

389 1126 446 1183 11.
496 1144 544 1182 e.
596 1125 652 1195 3,
702 1124 805 1195 21,
850 1124 886 1200 ξ
936 1124 1109 1198 212).
1200 1122 1287 1181 Et
1344 1123 1483 1181 talis
1530 1128 1664 1181 erat
1707 1121 2000 1199 episcopis
2045 1119 2642 1181 Lindisfnarensibus

394 1233 529 1271 cum
576 1212 929 1271 Hiiensibus
974 1210 1355 1283 consuetude,
1402 1216 1472 1269 ut
1516 1230 1636 1269 non
1683 1211 1874 1269 solum
1920 1245 2004 1257 --
2053 1210 2212 1287 quod
2257 1209 2472 1268 mirum
2517 1228 2639 1268 non

393 1308 487 1361 est
539 1334 615 1344 -—-
667 1300 955 1359 Aedanus
975 1296 1207 1379 pascha
1236 1307 1439 1359 contra
1466 1318 1694 1360 nmo-em
1723 1317 1943 1369 emm,
1991 1298 2094 1380 qui
2119 1297 2315 1379 quaeum
2341 1296 2638 1371 miserant,

265 1385 274 1395 '
376 1388 585 1472 facere
643 1407 761 1449 non
790 1438 793 1443 .
808 1396 1010 1467 posset
1064 1389 1256 1465 (Beda
1301 1389 1360 1449 h.
1407 1408 1457 1447 e.
1509 1388 1564 1461 3,
1614 1389 1717 1460 25,
1774 1389 1810 1465 g
1859 1388 2014 1463 226)
2075 1394 2260 1464 atque
2319 1386 2644 1445 Colmanus

392 1485 605 1559 postea
659 1485 964 1537 tonsuram
1016 1479 1321 1554 (coronae)
1368 1485 1420 1536 et
1458 1474 1715 1557 paschae
1757 1474 2043 1535 rationem
2073 1483 2327 1555 propter
2370 1473 2642 1535 timorem

384 1565 623 1650 patriae
668 1585 807 1625 suae
852 1574 1229 1625 contemneret
1259 1565 1623 1644 (Stephanus
1654 1565 1886 1624 Eddius
1916 1564 2022 1623 vit.
2052 1563 2322 1623 wilfridi
2353 1583 2400 1622 c.
2441 1564 2518 1621 10
2551 1597 2642 1609 —

392 1657 550 1715 Mab.
612 1654 724 1728 IV,
788 1657 817 1714 l
886 1655 948 1732 [i.
996 1676 1045 1713 e.
1100 1654 1421 1727 Mabillon,
1450 1672 1453 1677 ·
1482 1652 1644 1713 Acta
1705 1652 1812 1712 SS.
1875 1651 2117 1711 Ordinis
2176 1651 2272 1711 Sti
2325 1650 2644 1710 Benedicti

393 1765 541 1805 saec.
588 1743 702 1816 IV,
748 1764 889 1821 pars
942 1744 1002 1821 1]
1050 1744 1352 1822 appendix
1398 1743 1489 1801 ed.
1532 1742 1728 1801 Paris.
1775 1764 1833 1821 p.
1865 1742 2042 1817 682),
2089 1741 2194 1799 sed
2238 1746 2308 1799 ut
2353 1740 2532 1811 etiam
2576 1739 2642 1797 iu

394 1833 719 1893 levioribus
766 1837 1101 1909 appareret,
1150 1831 1309 1889 unde
1336 1830 1822 1905 Nordanhymbri
1858 1828 2034 1889 fidem
2065 1829 2448 1888 christianam
2479 1848 2641 1895 acce-‚-

391 1922 647 1998 pissent,
708 1940 845 1977 nam
890 1919 1160 1977 Finanus
1218 1915 1513 1977 ecclesiam
1571 1915 1892 2000 episcopali
1947 1917 2075 1978 sedi
2116 1937 2440 1997 conymam
2482 1934 2648 1979 more

394 2006 709 2067 Scotorum
754 2026 871 2067 non
901 2006 974 2067 de
1004 2003 1203 2089 lapide
1231 2006 1339 2067 sed
1368 2006 1443 2066 de
1468 2005 1680 2067 robore
1708 2015 1856 2067 secto
1869 2004 2017 2088 fecit
2049 2007 2242 2083 (Beda
2272 2007 2328 2065 h.
2361 2026 2410 2065 e.
2447 2006 2504 2079 3,
2537 2004 2644 2078 25,

394 2098 431 2175 ξ
466 2096 640 2173 225).
716 2095 891 2155 Unde
936 2096 1313 2155 manifestum
1362 2101 1453 2154 est
1498 2096 1806 2155 ecclesiam
1833 2096 2466 2173 Nordanhymbrorum
2507 2115 2642 2153 con-

387 2190 659 2261 junctam
707 2205 839 2243 cum
882 2185 1238 2244 Merciorum
1286 2190 1349 2243 et
1393 2184 1787 2245 Orientalium
1823 2183 2141 2257 Saxonum,
2191 2184 2474 2261 quamdiu
2517 2204 2642 2242 ma·

394 2274 577 2332 nebat
638 2273 989 2334 inconcussa
1046 2274 1085 2333 i.
1140 2295 1191 2332 e.
1246 2293 1435 2351 usque
1496 2274 1574 2333 ad
1634 2274 1922 2351 synodum
1983 2273 2644 2332 Strenaeshalchensem

393 2362 674 2421 ecclesiae
720 2360 990 2421 Scoticae
1048 2363 1305 2440 speciem
1365 2363 1711 2440 praebuisse
1772 2382 2020 2438 eamque
2076 2364 2153 2420 ob
2199 2381 2324 2419 rem
2368 2360 2644 2418 idoneam

394 2471 538 2523 esse,
588 2470 740 2527 quae
786 2451 859 2509 de
906 2451 1220 2510 Scotorum
1267 2452 1528 2510 moribus
1574 2471 1683 2510 nos
1729 2451 1990 2509 edoceat.

575 2539 669 2597 Ac
714 2539 972 2615 primum
1015 2538 1253 2616 quidem
1282 2539 1653 2616 expleantur,
1700 2558 1853 2614 quae
1884 2558 2066 2613 supra
2095 2536 2352 2595 diximus
2383 2535 2457 2593 de
2488 2533 2647 2593 ordi·

394 2628 573 2687 nibus
620 2625 1061 2699 ecclesiasticis,
1120 2646 1259 2685 nam
1307 2626 1509 2703 quales
1554 2626 1782 2685 fuerint
1827 2624 2139 2685 Scotorum
2185 2624 2474 2703 episcopi,
2533 2624 2649 2681 hoc

394 2718 525 2775 loco
585 2714 812 2793 optime
870 2714 1149 2791 cognosci
1207 2721 1425 2792 potest.
1518 2713 1739 2773 Omnes
1801 2712 2114 2773 Scotorum
2175 2713 2509 2791 episcopos,
2571 2711 2648 2771 de

398 2804 615 2881 quibus
660 2802 835 2861 modo
882 2804 1243 2863 mentionem
1288 2803 1551 2875 fecimus,
1599 2803 1915 2866 monachos
1961 2803 2166 2874 fuisoe,
2225 2807 2436 2879 postea.
2483 2800 2642 2860 vide-

394 2894 607 2965 bimus,
632 2912 787 2951 nunc
810 2892 884 2949 de
906 2912 1151 2951 munere
1176 2892 1584 2970 episcoporum
1608 2892 1984 2952 disseramus.
2047 2891 2379 2970 Episcopus
2403 2908 2647 2949 munere

398 2989 459 3039 et
516 2980 811 3056 dignitate
868 2988 930 3039 et
983 2980 1177 3059 gradu
1235 2980 1601 3059 presbyteris
1663 2982 1966 3059 superiore
2011 2983 2248 3040 functos
2293 3000 2422 3037 esse
2465 2998 2649 3055 supra

391 3072 517 3143 jam
578 3068 833 3127 vidimus
879 3070 963 3146 (p.
1012 3069 1141 3145 58),
1204 3070 1381 3129 certis
1442 3069 1795 3145 quibusdam
1855 3069 2248 3128 ordinationis
2305 3066 2522 3125 ritibus
2579 3066 2649 3123 in

400 3174 709 3214 numerum
769 3156 1181 3234 episcoporum
1241 3176 1339 3215 eos
1402 3163 1676 3234 receptos
1736 3178 1864 3217 esse
1922 3158 2034 3216 hoc
2093 3158 2328 3215 demum
2387 3155 2514 3212 loco
2575 3152 2646 3212 fit

401 3242 965 3303 manifestissimum.
1040 3244 1249 3321 Neque
1289 3247 1363 3303 de
1392 3244 1503 3303 hac
1534 3266 1599 3303 re
1630 3266 1890 3321 unquam
1926 3245 2195 3322 quaestio
2227 3241 2462 3301 exstitit
2488 3242 2650 3303 iuter

398 3333 560 3393 viros
606 3332 815 3391 doctos
858 3339 1043 3410 atque
1090 3337 1311 3405 cautos,
1358 3333 1478 3405 sed,
1526 3352 1660 3391 cum
1707 3352 1808 3391 eos
1851 3332 1956 3413 qui
1995 3329 2254 3393 ordinati
2287 3330 2405 3391 sint
2433 3351 2472 3390 a
2503 3328 2645 3391 Sco-

398 3430 594 3482 torum
636 3417 725 3481 vel
748 3418 1077 3481 Britonum
1122 3420 1423 3501 episcopis,
1467 3419 1680 3481 iterum
1723 3440 1763 3479 a
1808 3419 2086 3483 catholico
2127 3419 2398 3501 episcopo
2435 3439 2649 3480 manus

398 3508 762 3589 impositione
828 3509 1171 3593 confirmari
1220 3510 1466 3586 jusserit
1526 3509 1827 3569 Theodori
1885 3510 2313 3589 archiepiscopi
2367 3510 2466 3585 (de
2515 3529 2648 3587 ·quo

400 3599 583 3676 infra)
614 3598 1053 3661 Poenitentiale
1100 3599 1213 3675 (II,
1262 3602 1319 3672 9,
1367 3599 1447 3659 Η.
1494 3599 1615 3658 and
1647 3597 1736 3659 St.
1764 3598 1888 3672 ΠΙ,
1934 3622 1994 3678 p.
2030 3602 2199 3675 197),
2245 3598 2490 3657 dubium
2537 3604 2647 3671 est,

401 3708 543 3745 num
588 3688 820 3746 ratione
866 3687 1181 3747 ordinandi
1226 3688 1343 3749 sibi
1389 3689 1636 3768 propria
1682 3690 1775 3747 usi
1823 3689 1945 3748 sint
1989 3687 2170 3748 Secti.

582 3775 968 3836 Contendunt
1012 3777 1171 3837 enim
1214 3777 1545 3837 Haddanus
1590 3778 1700 3854 (H.
1746 3778 1865 3837 and
1911 3777 1997 3837 St.
2043 3777 2094 3835 Ι.
2141 3798 2199 3854 p.
2238 3776 2389 3853 155)
2437 3782 2498 3835 et
2541 3775 2647 3834 alii

402 3862 803 3939 apudScotos
834 3866 1039 3924 eodem
1070 3865 1263 3939 mode,
1310 3886 1427 3941 quo
1456 3868 1619 3945 apud
1650 3868 1946 3939 Britones‚
1987 3866 2295 3943 episcopos
2324 3886 2434 3943 per
2463 3884 2646 3922 unum

404 3952 657 4010 alterum
704 3962 1075 4013 consecratos
1118 3974 1261 4012 esse.
1354 3953 1473 4014 Sed
1518 3976 1638 4013 non
1683 3956 1921 4029 dubito,
1971 3956 2116 4033 quin
2162 3956 2306 4013 haec
2353 3952 2652 4013 sententia

549 4109 572 4141 ²
610 4107 695 4161 Of.
732 4106 957 4161 Ebrard
1006 4126 1061 4177 p.
1116 4108 1239 4162 173:
1286 4108 1477 4162 Aedem
1520 4108 1706 4161 wwrde
1748 4110 1889 4163 nach
1933 4108 2116 4163 Bodas
2161 4105 2450 4162 Ausdruck
2497 4104 2654 4161 ‘nicht

406 4196 533 4233 zwm
568 4178 812 4243 Bisa-hof
838 4177 1131 4242 ordiniert,
1169 4179 1402 4232 condem
1437 4194 1581 4243 „von
1614 4178 1711 4231 der
1749 4178 1900 4233 Insel
1937 4179 2096 4233 Jowa
2131 4194 2257 4232 zum
2294 4175 2532 4243 Bischof
2559 4176 2647 4231 de·

404 4249 664 4304 etinierff‘
702 4250 754 4304 cl.
781 4248 831 4301 11.
872 4250 1109 4301 ernannt
1146 4278 1215 4289 -
1239 4249 1295 4302 h.
1325 4265 1373 4301 e.
1403 4250 1453 4313 3,
1482 4248 1532 4311 3,
1562 4248 1594 4318 ξ
1626 4248 1747 4305 157.
1810 4249 1994 4319 Atqui
2028 4249 2183 4302 idem
2221 4248 2384 4301 Beda
2419 4247 2652 4316 scripsit

404 4321 564 4375 locos
602 4337 776 4390 supra
814 4323 1279 4373 commemoratos
1318 4320 1367 4385 3,
1409 4320 1458 4385 3,
1498 4320 1533 4390 g
1578 4318 1679 4373 164
1722 4322 1782 4373 et
1819 4320 1869 4386 3,
1911 4321 1992 4384 25,
2032 4319 2066 4390 ἓ
2105 4318 2226 4373 225.
2315 4336 2336 4355 ·
