3259 5084
1532 209 1915 268 ...3-

617 402 680 454 et
721 394 908 453 firmis
953 391 1287 470 aequalium
1333 391 1568 450 illorum
1614 396 1947 468 temporum
2008 389 2359 448 testimoniis
2412 387 2504 446 usi
2552 385 2844 464 quaestio-

619 505 751 544 nem
795 489 1061 542 nostram
1105 501 1384 540 conemur
1427 479 1763 539 dissolvere.
1856 478 1989 552 Qua
2034 477 2097 535 in
2141 499 2205 536 re
2251 483 2583 556 temporum
2639 476 2845 536 seriem

619 575 932 633 observare
975 572 1189 643 malui,
1260 591 1438 647 quam
1483 569 1849 628 accumulare
1904 567 1967 626 in
2011 587 2194 626 unum
2238 568 2431 626 locum
2477 585 2570 624 res
2618 565 2847 624 easdem

617 664 751 722 illas
801 662 1036 740 quidem
1083 681 1188 720 sua
1233 660 1495 737 ipsarum
1540 663 1757 718 natura
1816 656 1921 718 sed
1964 657 2227 716 diverass
2274 663 2334 716 et
2378 655 2745 734 temporibus
2790 658 2849 712 et

620 753 780 812 locis.
841 753 975 810 Hae
1020 751 1150 829 ipsa
1197 749 1270 808 de
1317 767 1492 808 causa
1539 752 1598 806 et
1632 747 1787 825 quia,
1834 752 1904 805 ut
1947 751 2154 825 postea
2200 745 2531 824 apparebit,
2580 765 2673 804 res
2718 743 2849 821 ipsa

621 842 796 919 cogit,
843 841 915 899 de
959 839 1275 898 Britonum
1320 839 1566 898 ecclesia
1596 843 1659 896 et
1688 834 2105 896 de'Scotorum
2152 835 2472 914 separatim
2500 839 2610 896 ,est
2654 832 2849 892 dieen-

621 931 778 990 dum.
868 929 1134 988 Primum
1179 928 1368 1005 igitur

1311 1154 1728 1238 Britonum
1796 1153 2127 1240 ecelesia

623 1377 814 1455 qualis
859 1376 1071 1448 fuerit,
1130 1373 1570 1453 inquirentibus
1614 1373 1785 1432 nobis
1834 1379 1956 1432 tres
2002 1378 2230 1433 aetates
2276 1373 2727 1452 distinguendae
2772 1376 2855 1436 vi-

623 1467 842 1526 dentur
888 1487 1012 1526 esse
1029 1511 1042 1538 ,
1103 1465 1294 1544 prima
1341 1463 1578 1540 quidem
1624 1463 2079 1541 primordiorum
2125 1483 2311 1540 usque
2356 1464 2433 1523 ad
2480 1485 2697 1524 annum
2746 1465 2854 1524 cir-

625 1557 773 1617 citer
819 1555 966 1629 450,
1014 1554 1282 1628 secunda,
1330 1573 1446 1630 qua
1491 1553 1681 1629 magis
1727 1559 1931 1613 nostra
1976 1553 2387 1630 quaerentium
2434 1575 2632 1628 causa,
2680 1575 2856 1632 quam

623 1646 754 1725 ipsa
802 1666 865 1704 re
912 1665 1113 1704 ansam
1160 1643 1484 1722 praebente
1529 1643 1863 1720 sejungitur
1906 1664 1943 1702 a
1989 1643 2186 1716 tertia,
2231 1642 2368 1702 inde
2414 1645 2489 1702 ab
2538 1664 2695 1702 anno
2728 1644 2854 1702 450

623 1755 810 1811 usque
857 1734 934 1793 ad
977 1753 1212 1807 annum,
1262 1753 1376 1810 quo
1407 1731 1786 1810 Augustinus
1825 1733 1887 1790 in
1918 1732 2299 1791 Britanniam
2328 1733 2511 1804 venit,
2555 1735 2594 1794 i.
2628 1754 2677 1792 e.
2712 1733 2857 1805 597,

624 1824 806 1884 tertia
852 1823 1103 1900 denique
1163 1843 1350 1900 usque
1397 1821 1472 1880 ad
1519 1842 1737 1881 annum
1785 1821 2019 1882 circiter
2065 1822 2633 1899 octingentesimum.
2724 1822 2855 1882 Pri·

623 1935 785 1973 mum
829 1913 1014 1990 igitur
1958 1961 1961 1966 .
2258 1939 2263 1946 -

1337 2052 1411 2118 de
1458 2053 1901 2135 primordiorum
1950 2053 2153 2119 aetate

627 2179 1030 2240 disserendum
1062 2184 1167 2240 est.
1259 2178 1596 2238 Primordia
1641 2179 1773 2258 ipsa
1819 2200 1971 2256 quae
2016 2179 2282 2252 fuissent,
2330 2200 2424 2239 res
2470 2187 2624 2240 esset
2668 2181 2861 2241 facilis

628 2270 705 2329 ad
750 2269 1246 2346 cognoscendum,
1295 2269 1346 2327 si
1392 2268 1703 2342 sciremus,
1751 2269 1905 2328 unde
1952 2269 2205 2329 fuissent
2250 2268 2311 2326 id
2358 2275 2447 2328 est
2490 2271 2543 2328 si
2589 2272 2857 2349 explora·

624 2365 754 2419 tum
797 2359 1162 2432 haberemus,
1209 2379 1244 2417 a
1291 2378 1546 2434 quonam
1592 2359 1739 2417 fides
1785 2359 2103 2418 christiana
2149 2359 2213 2416 in
2258 2358 2635 2418 Britanniam
2681 2361 2863 2419 allata

627 2454 796 2508 esset.
889 2447 1008 2507 Sed
1066 2448 1138 2507 de
1199 2449 1309 2508 hac
1368 2469 1434 2506 re
1490 2447 1592 2506 vix
1650 2447 1876 2524 aliquid
1934 2469 2041 2527 pro
2107 2454 2269 2507 certo
2316 2447 2601 2508 affirmari
2645 2454 2859 2528 potest.

629 2537 838 2597 ffildas
885 2538 1070 2611 enim,
1140 2537 1586 2615 antiquissimus
1633 2558 1829 2596 rerum
1876 2537 2359 2598 Britannicarum
2406 2540 2659 2616 scriptor
2674 2583 2689 2612 ,
2758 2539 2861 2614 qui

626 2632 830 2687 natum
877 2648 937 2686 se
985 2648 1107 2687 esse
1153 2627 1279 2705 ipse
1325 2625 1680 2686 testificatur
1702 2625 1727 2664 ¹
1774 2628 1979 2687 eodem
2024 2647 2205 2699 anno,
2271 2647 2386 2705 quo
2436 2629 2694 2690 obsessio
2741 2627 2857 2686 Ba·

627 2717 824 2776 donici
869 2717 1085 2775 montis
1131 2717 1290 2775 facta
1335 2716 1415 2775 sit
1461 2717 1558 2792 (cf.
1591 2711 2006 2798 Lappenbery,
2058 2711 2387 2777 Geschvkhte
2417 2737 2529 2776 von
2562 2713 2859 2800 Enqland.

631 2809 798 2866 1834.
834 2808 880 2864 1.
911 2803 1037 2865 Bd.
1057 2826 1128 2884 p.
1164 2807 1296 2882 104)
1328 2805 1366 2862 i.
1401 2827 1448 2863 e.
1495 2826 1651 2865 anno
1686 2807 1890 2864 516ιΙΕιο
1920 2807 2017 2865 vel
2051 2805 2255 2864 520¹¹¹⁰
2287 2805 2429 2882 (vid.
2463 2807 2662 2867 Schffll
2700 2831 2759 2887 p.
2794 2809 2861 2880 ὃς

629 2894 974 2968 Stevenson,
1023 2915 1202 2973 opera
1249 2892 1479 2954 Gildae.
1533 2895 1700 2954 1838
1748 2916 1805 2973 p.
1836 2895 2003 2957 VIII
2044 2897 2199 2972 sqq.)
2245 2897 2571 2958 vetustiora
2615 2898 2859 2975 scripto-

627 3005 759 3044 rum
790 2991 1168 3044 monumenta
1206 2982 1294 3058 „82⁹
1321 3005 1436 3067 qua
1466 2983 1731 3067 fuerim“
1770 3007 1889 3046 non
1920 3006 2260 3064 comparere
2290 2987 2560 3062 queritur
2589 2987 2863 3064 (historia

629 3078 664 3154 ξ
714 3076 754 3133 4
801 3075 892 3134 ed.-
938 3073 1265 3134 Stevenson
1325 3095 1382 3152 p.
1437 3076 1558 3152 13).
1650 3074 1789 3152 Ipse
1836 3097 1967 3135 cum
2014 3097 2088 3134 ne
2134 3096 2401 3136 sermone
2446 3081 2684 3155 patrum
2732 3077 2859 3154 qui-

629 3165 762 3224 dem
824 3165 1136 3242 quicquam
1191 3163 1264 3222 de
1325 3164 1550 3241 origine
1598 3165 1875 3225 eeclesiae
1920 3165 2305 3225 Britannicae
2364 3166 2679 3224 memoriae
2724 3186 2859 3245 pro-

629 3255 818 3314 ditum
865 3260 1048 3327 esset,
1111 3254 1304 3314 omnia
1319 3299 1334 3328 ,
1404 3275 1552 3330 quae
1599 3255 1672 3314 de
1718 3256 2145 3334 antiquissimis
2198 3256 2563 3333 temporibus
2608 3262 2863 3328 enarrat,

630 3348 932 3404 mutuatus
978 3350 1068 3404 est
1113 3347 1187 3403 ab
1233 3344 1491 3404 Eusebio
1539 3343 1765 3421 (Schell
1791 3368 1865 3423 .p.
1916 3347 1952 3403 9
2002 3348 2175 3423 sqq).
2266 3345 2357 3403 At
2402 3345 2479 3418 is,
2526 3365 2561 3402 a
2607 3365 2861 3422 quonam

630 3433 776 3492 fides
824 3434 1144 3492 christiana
1189 3433 1251 3490 in
1297 3433 1672 3493 Britanniam
1719 3437 1899 3494 allata
1944 3443 2117 3507 esset,
2162 3434 2290 3512 ipse
2337 3433 2653 3493 nesciebat.
2744 3435 2860 3494 Ne-

630 3544 746 3600 que
791 3543 862 3580 ex
905 3522 996 3594 iis,
1044 3541 1193 3598 quae
1224 3520 1434 3581 Gildas
1466 3524 1540 3582 de
1571 3524 1695 3582 suis
1740 3524 1987 3596 addidit,
2036 3523 2354 3601 quicquam
2400 3522 2599 3600 colligi
2646 3530 2861 3602 potest.

628 3613 784 3674 Nam
830 3611 919 3683 iis,
968 3631 1120 3688 quae
1164 3612 1347 3671 refert
1394 3612 1555 3687 (hist.
1601 3614 1637 3690 ξ
1675 3614 1754 3670 10
1800 3635 1859 3691 p.
1898 3614 2004 3689 17)
2052 3613 2123 3672 de
2168 3613 2406 3672 Albano
2453 3613 2864 3677 ‚Verolamensi

633 3708 692 3761 et
737 3700 810 3758 de
857 3699 1100 3758 Aarone
1143 3701 1190 3760 J
1189 3701 1446 3778 ulioque,
1491 3702 1655 3760 urbis
1702 3702 2032 3779 Legionum
2078 3702 2305 3762 civibus
2322 3745 2337 3776 ,
2396 3703 2459 3760 in
2504 3702 2865 3762 Diocletiani

631 3790 1036 3870 persecutione
1083 3789 1511 3866 martyrizatis,
1571 3790 1841 3867 equidem
1887 3791 2087 3870 (aliter
2130 3791 2441 3869 Brightius
2488 3813 2545 3869 p.
2594 3794 2659 3869 8)
2705 3793 2864 3851 haud

631 3881 750 3940 scio
798 3900 874 3938 an
919 3880 1066 3938 fides
1111 3879 1456 3956 deneganda
1514 3879 1609 3938 sit.
1700 3879 2179 3939 Persecutionem
2227 3882 2380 3939 enim
2426 3882 2863 3940 Diocletianam

631 3968 1009 4029 Britanniam
1055 3988 1172 4026 non
1219 3968 1488 4045 attigisse
1533 3989 1606 4026 ex
1652 3970 1900 4029 aliorum
1946 3970 2300 4031 testimoniis
2332 3972 2607 4048 (quorum
2654 3971 2861 4035 seriem

629 4059 831 4119 videas
878 4057 1037 4136 apud
1081 4058 1161 4116 H.
1208 4058 1323 4116 and
1371 4057 1457 4117 St.
1503 4057 1552 4132 I,
1599 4081 1658 4136 p.
1710 4061 1773 4132 6)
1822 4064 2070 4119 constat.
2162 4061 2329 4135 Quae
2390 4081 2521 4120 cum
2581 4060 2667 4120 ita
2726 4061 2860 4132 sint,

813 4270 833 4300 ¹
869 4267 1160 4322 Ebrardus
1201 4269 1271 4322 de
1310 4269 1478 4325 Gilda
1517 4269 1740 4324 omnino
1777 4270 1919 4324 nihil
1960 4270 2106 4324 dixit
2141 4271 2251 4324 nisi
2300 4288 2426 4324 eum
2465 4271 2615 4324 circa
2655 4287 2860 4322 annum

632 4341 862 4395 450mum
899 4341 999 4408 (sic
1017 4341 1057 4410 Ξ)
1095 4341 1156 4393 in
1193 4339 1456 4396 Gambria
1493 4341 1700 4396 vixisse
1741 4344 1820 4412 (p.
1862 4342 1969 4411 10).
