3259 5084
1532 227 1958 285 —12-

802 405 1018 467 Altera
1063 407 1242 466 etiam
1288 406 1380 467 sui
1424 406 1614 485 ipsius
1662 427 1839 466 causa
1884 405 2433 466 commemoratione
2481 405 2661 484 digna
2699 405 2856 467 vide-

624 503 740 557 tur.
835 496 1062 574 Cuique
1109 497 1290 570 enim,
1336 503 1407 556 ut
1451 497 1677 575 opinor,
1726 495 1939 556 Gildae
1985 495 2169 555 libros
2212 495 2435 574 legenti
2482 496 2859 574 conspicuum

627 585 946 659 videbitur,
997 586 1152 664 quod
1186 585 1394 646 Gildas
1435 589 1551 664 (ep.
1582 587 1617 664 ξ
1653 587 1735 644 74
1768 588 1878 662 sq.)
1925 585 2281 644 mentionem
2325 585 2469 644 fecit
2515 585 2587 644 de
2618 585 2857 663 Ignatio

629 680 690 734 et
734 674 1064 754 Polycarpo
1121 677 1305 736 verba
1364 677 1673 754 proferens
1732 695 1804 734 ex
1863 676 2037 751 hujus
2097 674 2381 752 martyrio
2444 680 2505 734 et
2562 674 2723 734 illius
2784 673 2861 734 ad

627 764 928 835 Romanos
975 765 1246 843 epistula.
1336 765 1547 828 Nonne
1605 764 1751 824 haec
1808 785 1902 824 res
1920 808 1934 837 ,
1996 763 2112 824 etsi
2169 770 2404 824 constat
2464 785 2537 822 ex
2584 762 2862 840 Gregorii

631 853 988 914 Turonensis
1034 855 1106 912 de
1151 855 1344 932 gloria
1389 861 1715 931 martyrum
1761 854 1963 914 libello
2009 855 2083 930 (c.
2129 855 2231 916 86.
2277 852 2494 931 Migne,
2539 852 2610 910 P.
2650 852 2725 912 L.
2760 854 2860 925 71,

628 964 684 1020 p.
722 945 864 1004 782.
913 946 986 1006 cf.
1021 944 1290 1018 Warren,
1336 967 1394 1024 p.
1442 946 1552 1022 99)
1599 943 1948 1020 martyrium
1993 942 2311 1021 Polycarpi
2354 943 2418 1001 in
2464 941 2861 1022 compluribus

630 1031 864 1092 Galliae
909 1034 1166 1094 ecclesiis
1211 1034 1528 1095 recitatum
1591 1055 1716 1094 esse
1774 1033 1837 1092 in
1900 1032 2262 1094 celebrandis
2308 1031 2695 1092 eucharistiae
2740 1052 2861 1108 my-

629 1121 855 1195 steriis,
913 1157 987 1168 —
1039 1143 1264 1197 nonne,
1324 1145 1540 1202 quaeso
1557 1168 1572 1198 ,
1633 1125 1777 1182 haec
1822 1144 1917 1182 res
1962 1122 2201 1182 videtur
2244 1123 2505 1182 indicare
2552 1126 2859 1182 consuetu·

630 1210 829 1270 dinem
873 1212 1054 1272 fuisse
1100 1213 1380 1291 antiquae
1424 1213 1743 1273 Britonum
1790 1212 2065 1272 ecclesiae
2112 1233 2242 1272 cum
2286 1211 2535 1272 urbibus
2564 1210 2860 1288 Lugduno

633 1306 693 1360 et
738 1300 972 1360 Vienna
987 1301 1016 1360 ⁸?

807 1391 975 1450 Haec
1021 1391 1094 1450 de
1138 1391 1497 1472 primordiis.
1589 1391 1695 1452 Ad
1738 1393 1985 1452 alteram
2040 1395 2167 1469 jam
2228 1392 2529 1453 veniamus
2588 1389 2863 1452 ecclesiae

630 1478 947 1541 Britonum
993 1487 1248 1542 aetatem

1013 1676 1150 1744 finde
1195 1677 1274 1744 ab
1321 1693 1482 1744 anno
1525 1677 1681 1758 450,
1730 1692 1920 1760 usque
1966 1675 2043 1742 ad
2091 1693 2308 1742 annum
2356 1675 2484 1743 597

632 1841 1046 1920 pertinentem.
1135 1841 1230 1900 De
1261 1861 1378 1918 qua
1409 1841 1754 1919 priusquam
1786 1840 2073 1900 disserere
2116 1839 2483 1919 incipiamus,
2530 1840 2865 1900 meminerit

632 1932 683 1990 is
700 1976 714 2004 ,
762 1931 866 2007 qui
909 1930 1055 1991 haec
1100 1932 1278 2008 legit,
1339 1951 1406 1990 60
1451 1931 1580 2009 ipso
1627 1930 1858 1990 saeculo
1876 1975 1891 2004 ,
1938 1951 1975 1988 a
2021 1949 2137 2006 quo
2184 1928 2421 1988 initium
2466 1929 2655 2007 capit,
2721 1929 2864 1990 alibi

633 2040 868 2098 quoque
902 2019 1045 2097 quin
1078 2019 1256 2080 etiam
1287 2019 1350 2078 in
1381 2019 1653 2078 omnibus
1693 2018 2014 2078 occidentis
2054 2019 2231 2079 terris
2270 2018 2651 2096 antiquitatis
2694 2017 2862 2079 insti-

633 2115 766 2168 tuta
798 2107 1099 2181 corruisse,
1144 2129 1299 2168 nova
1339 2109 1626 2184 quaedam
1666 2108 1978 2169 exstitisse.
2073 2109 2439 2184 Quocunque
2484 2108 2862 2186 spectaveris,

635 2199 701 2256 in
730 2197 1031 2256 doloribus
1078 2197 1246 2274 quasi
1290 2217 1618 2276 puerperae
1666 2203 1807 2257 tunc
1852 2197 2031 2258 fuisse
2076 2198 2360 2257 mundum
2404 2197 2685 2256 invenies.
2746 2198 2863 2261 Ne-

635 2307 748 2364 que
794 2287 970 2346 aliter
1015 2287 1075 2344 in
1120 2286 1453 2346 Britannia.
1543 2286 1817 2347 Eundem
1876 2287 2033 2346 enim
2091 2288 2364 2346 fortunae
2426 2287 2651 2350 exitum
2706 2288 2865 2362 tulit,

637 2396 810 2454 quem
855 2377 1076 2435 multae
1123 2375 1274 2436 aliae
1317 2375 1554 2453 imperii
1597 2375 1853 2436 Romani
1899 2377 2256 2457 provinciae.
2345 2377 2499 2438 Nam
2545 2377 2702 2436 bona
2746 2378 2867 2451 illa,

635 2486 812 2543 quam
859 2465 1137 2524 extremis
1182 2465 1416 2543 imperii
1459 2465 1719 2525 Romani
1764 2467 2008 2526 saeculis
2051 2466 2115 2526 in
2155 2466 2477 2526 Britannia
2518 2465 2867 2541 invenimus,

629 2555 916 2626 ‘ecclesiae
950 2555 1214 2615 condicio
1247 2554 1439 2615 medio
1485 2556 1607 2615 fere
1655 2557 1887 2616 saeculo
1935 2555 2141 2634 quinto
2187 2555 2384 2616 subito
2432 2575 2715 2616 conversa
2763 2562 2868 2628 est,

637 2666 768 2704 cum
812 2643 1004 2722 Angli
1049 2644 1428 2722 Saxonesque
1473 2644 1694 2723 pagani
1738 2645 2115 2706 Britanniam
2170 2645 2556 2718 invasissent,
2619 2651 2680 2706 et
2734 2645 2869 2704 Bri-

635 2741 805 2794 tones
851 2735 925 2792 ab
971 2733 1045 2794 iis
1089 2734 1298 2810 rejecti
1341 2734 1562 2812 partim
1608 2734 2003 2794 occidentales
2035 2734 2385 2794 Britanniae
2423 2735 2646 2812 partim
2677 2741 2869 2796 trans-

639 2823 896 2882 marinas
943 2821 1176 2882 Galliae
1237 2822 1508 2900 regiones
1569 2831 1771 2901 petere
1828 2829 2177 2900 cogerentur
2222 2822 2456 2900 (Gildas
2500 2823 2636 2883 hist.
2682 2825 2717 2903 ξ
2768 2823 2870 2898 25,

637 2935 694 2990 p.
731 2913 857 2988 32).
949 2910 1130 2970 Anno
1177 2912 1358 2971 etiam
1406 2911 1533 2969 455
1582 2912 1835 2972 testibus
1881 2912 2191 2972 annalibus
2238 2912 2553 2973 Gambriae
2598 2914 2695 2989 (de
2742 2913 2869 2991 qui-

637 3002 748 3062 bus
797 3001 866 3060 cf.
915 2999 1112 3062 Scholl
1128 3046 1142 3075 ,
1204 3024 1262 3081 p.
1313 3002 1392 3059 37
1443 3005 1558 3080 sq.)
1611 2998 1838 3081 pascha
1896 3009 2311 3062 commutatum
2335 3000 2360 3037 ¹
2405 3010 2487 3063 est
2532 3022 2665 3062 cum
2701 3023 2871 3085 papa

639 3086 838 3151 Leone
897 3088 1164 3174 episcopo
1226 3087 1456 3152 Romae
1504 3092 1608 3166 (H.
1656 3091 1773 3150 and
1820 3091 1905 3151 St.
1952 3089 2021 3148 II
2039 3135 2053 3164 ,
2120 3092 2149 3148 1
2202 3091 2474 3150 addenda
2518 3113 2577 3169 p.
2623 3091 2869 3170 XXII),

639 3181 742 3240 sed
786 3185 1006 3258 postea,
1053 3181 1170 3240 etsi
1212 3180 1751 3258 frequentissimum
1796 3181 2205 3241 commercium
2253 3201 2383 3241 cum
2417 3179 2615 3241 Gallia
2660 3183 2870 3241 saltem

641 3290 773 3329 cum
815 3268 1132 3330 Armorica
1179 3270 1300 3346 (cui
1345 3270 1519 3330 hodie
1564 3291 1776 3330 nomen
1822 3276 1913 3330 est
1956 3267 2281 3351 Bretayne)
2328 3269 2677 3329 Britonibus
2721 3292 2867 3331 nun-

643 3379 820 3436 quam
881 3379 997 3417 non
1042 3359 1160 3420 fuit
1220 3361 1318 3436 (cf.
1362 3360 1520 3420 infra
1574 3367 1637 3420 et
1680 3360 1960 3433 Warren,
2021 3381 2079 3438 p.
2128 3359 2210 3416 58
2258 3361 2412 3435 sqq.)
2468 3359 2688 3418 nullam
2734 3359 2869 3419 Bri-

640 3456 808 3527 tones
856 3466 987 3506 cum
1048 3449 1258 3508 ceteris
1319 3449 1637 3510 occidentis
1696 3449 1871 3508 terris
1918 3448 2136 3507 nullam
2184 3466 2313 3506 cum
2358 3447 2645 3508 Romanis
2692 3451 2870 3510 socie-

641 3542 827 3596 tatem
870 3536 1146 3597 habuisse
1193 3539 1469 3598 videntur
1513 3538 1699 3598 donec
1744 3556 1898 3596 anno
1933 3535 2056 3595 597
2099 3535 2475 3614 Augustinus
2520 3537 2583 3597 in
2628 3537 2870 3599 Britan-

641 3627 799 3686 niam
843 3625 1025 3686 venit.

643 3855 771 3890 cum
828 3835 954 3889 aliis
1013 3852 1412 3905 comparemus,
1489 3834 1640 3888 Satis
1696 3834 1771 3888 sit
1824 3851 2312 3903 commemorasse,
2370 3836 2514 3891 illud
2570 3838 2871 3903 „hominem

637 3907 888 3976 factum“
943 3911 1002 3961 et
1046 3908 1188 3960 illud
1237 3925 1308 3972 „a
1352 3923 1452 3975 quo
1489 3909 1570 3960 est
1613 3923 1767 3960 omne
1812 3907 2193 3976 principiuw
2242 3908 2483 3976 denique
2539 3909 2683 3963 illud
2738 3927 2871 3978 „per

513 3970 526 3980 ’
641 3979 824 4048 ipsum
854 3977 1194 4047 (Christum)
1215 3977 1371 4046 facta
1395 3980 1525 4032 sunt
1557 3976 1791 4032 visibilia
1828 3979 1910 4048 [et
1933 3978 2307 4061 invisibilia]“
2333 3995 2444 4032 non
2468 3979 2580 4034 nisi.
2601 3981 2661 4034 in
2686 3982 2869 4035 orien-

641 4050 850 4105 talibus
889 4049 1160 4118 symbolis
1199 4053 1257 4102 et
1291 4049 1442 4116 apud
1477 4048 1662 4116 ipsum
1700 4047 1998 4102 Irenaeum
2036 4049 2293 4104 invemri.

821 4141 843 4172 ¹
881 4139 1016 4193 Vim
1066 4155 1220 4190 suam
1275 4136 1483 4204 accipit
1530 4137 1671 4191 haec
1717 4156 1829 4191 vox
1875 4138 2307 4207 haudquaquam
2366 4155 2433 4191 ex
2486 4142 2873 4196 controversia

641 4213 883 4280 quadam
920 4211 992 4264 de
1030 4214 1285 4277 tempore
1324 4207 1456 4262 festi
1495 4209 1774 4276 paschalis
1812 4210 1909 4262 sed
1947 4209 2105 4274 inde,
2164 4211 2315 4278 quod
2361 4215 2596 4281 propter
2642 4229 2870 4280 compu-

639 4282 805 4408 tagdi
829 4280 1224 4408 dgficultatem
1248 4279 1440 4334 variae
1465 4281 1672 4348 passim
1710 4281 1769 4334 in
1806 4280 2045 4334 ecclesia
2083 4282 2345 4336 universa
2382 4287 2545 4336 erant
2580 4283 2871 4352 opiniones

637 4372 696 4408 111
737 4393 750 4408 .
790 4371 850 4408 111
907 4395 920 4409 .
