3259 5084
1496 218 1984 275 —112—

622 399 874 475 gissent,
930 397 1045 457 nisi
1090 396 1443 475 disciplinae
1489 416 1668 456 eausa
1712 395 1786 455 iis
1829 395 2154 473 placuisset
2197 396 2262 453 in
2308 396 2608 456 coenobiis
2653 398 2871 457 vivere.
2933 434 2937 437 -

621 488 837 565 Itaque
883 487 1264 547 eremitarum
1310 491 1510 545 coetus
1556 492 1728 545 erant
1783 486 2142 545 monasteria
2187 503 2391 543 eorum
2407 530 2420 557 ,
2481 506 2620 543 nam
2663 484 2728 545 in
2771 488 2869 549 de-

620 574 783 635 sertis
827 574 1102 647 sedeate-9,
1148 572 1297 635 nulli
1336 570 1587 645 molesti,
1633 594 1769 633 eum
1811 570 2025 655 reyulis
2069 571 2364 633 seniorum
2409 582 2706 634 manentes
2751 598 2868 650 eos,
2909 572 2916 575 ’

619 666 681 723 in
740 682 991 741 quorum
1051 664 1307 741 regione·
1351 665 1771 736 versabantur,
1839 664 1987 723 adeo
2045 663 2457 741 negligebant,
2525 668 2595 721 ut
2647 667 2872 725 nemini

620 754 816 813 aditus
861 760 1097 832 pateret
1141 754 1303 812 intra
1346 760 1518 831 septa
1563 754 1910 812 monasterii
1942 754 2176 829 (Jonas,
2207 752 2317 812 vit.
2350 751 2477 813 Col.
2513 752 2614 824 33,
2647 775 2724 831 p.·
2746 758 2868 832 19).

617 843 860 902 Minime
907 842 1095 919 igitur
1138 843 1421 901 ecclesiae
1466 862 1710 919 operam
1755 862 1922 901 suam
1969 842 2428 903 commodabant
2474 842 2550 902 ad
2597 844 2868 903 erudien-

618 932 725 991 dos
770 934 1047 1009 populos,
1103 932 1206 991 sed
1252 950 1359 991 sua
1404 932 1650 1009 propria
1694 931 1927 990 ratione
1975 933 2052 991 ad
2097 932 2283 992 vitam
2328 936 2631 991 aeternam
2679 934 2867 993 homi-

618 1022 793 1080 nibus
854 1021 1271 1080 monstrabant
1330 1020 1507 1080 viam.
1609 1020 2061 1097 Peregrinaturi
2121 1042 2154 1079 e
2213 1021 2414 1098 patria
2475 1021 2867 1096 decesserant,

617 1110 921 1187 peregrini
968 1116 1139 1168 erant
1183 1110 1246 1168 in
1294 1108 1493 1167 Gallia
1539 1116 1601 1168 et
1648 1108 1990 1169 Germania.
2081 1110 2257 1169 Unde
2313 1110 2496 1171 etiam
2551 1110 2620 1185 ii,
2683 1110 2788 1187 qui
2830 1132 2868 1169 e

618 1197 811 1258 Gallis
856 1200 953 1257 vel
1000 1198 1315 1257 Germanis
1360 1198 1423 1256 in
1470 1198 1708 1257 illorum
1752 1198 2128 1258 monasteriis
2171 1198 2396 1258 eruditi
2447 1205 2659 1278 postea
2715 1201 2867 1278 epis-

618 1307 899 1370 coporum
968 1307 1213 1346 munera
1280 1287 1615 1359 subierunt,
1691 1288 1992 1365 peregrini
2069 1287 2377 1347 redierunt
2452 1290 2517 1347 in
2594 1288 2866 1367 ipsorum

614 1376 898 1454 patriam,
960 1376 1260 1455 peregrini
1305 1394 1423 1435 non
1472 1378 1662 1435 solum
1707 1376 1770 1435 in
1815 1378 2063 1450 munde,
2123 1378 2424 1453 peregrini
2477 1378 2541 1435 in
2594 1378 2728 1456 ipsa
2775 1398 2866 1436 ec·

616 1465 819 1538 clesia,
882 1466 1101 1544 quippe
1158 1466 1261 1543 qui
1313 1471 1525 1545 utpote
1588 1466 1864 1524 monachi
1918 1466 2262 1529 austerioris
2316 1468 2729 1526 observantiae
2790 1464 2868 1526 ab

616 1552 878 1613 omnium
922 1551 1309 1615 saecularium
1352 1573 1516 1615 more
1545 1554 1916 1616 desciscerent
1946 1558 2177 1632 (Jonas,
2207 1556 2314 1616 vit.
2348 1556 2474 1616 Col.
2509 1556 2612 1628 33,
2643 1577 2700 1633 p.
2741 1558 2866 1633 19).

613 1643 890 1702 Monachi
944 1644 1099 1702 enim
1153 1652 1323 1705 erant
1377 1665 1603 1719 omnes,
1667 1646 1772 1723 qui
1825 1645 1888 1704 in
1942 1647 2062 1705 illis
2117 1644 2430 1705 Scotorum
2489 1643 2866 1705 monasteriis

615 1734 836 1793 eruditi
865 1738 1021 1806 sunt,
1069 1754 1205 1793 nam
1234 1740 1303 1792 ut
1332 1733 1395 1793 in
1426 1735 1788 1795 monasterio
1819 1735 2057 1795 Hiiensi
2089 1730 2372 1811 (Adamn.
2397 1734 2502 1794 vit.
2524 1733 2652 1793 Col.
2684 1736 2735 1806 l,
2755 1730 2872 1807 27,

614 1823 774 1882 Acta
822 1822 927 1881 SS.
975 1822 1132 1881 Bou.
1176 1823 1350 1882 Junii
1398 1825 1455 1896 9,
1502 1842 1561 1901 p.
1612 1826 1767 1900 207)
1814 1825 1901 1883 ita
1961 1825 2024 1883 in
2085 1824 2358 1883 omnibus
2413 1822 2858 1902 peregrinorum

610 1912 990 1970 monasteriis
1038 1911 1185 1969 nulli
1229 1912 1294 1969 in
1339 1932 1645 1972 numerum
1679 1913 2102 1991 discipulorum
2146 1912 2378 1991 recepti
2423 1932 2550 1971 esse
2581 1907 2868 1971 videnturv

613 2001 730 2059 nisi
794 2001 896 2078 qui
956 2001 1361 2059 monachicum
1422 2009 1627 2061 votum
1701 2002 2115 2080 promiserant.
2219 2002 2614 2078 Nequaquam
2673 1998 2866 2077 igitur

613 2096 961 2149 cunctorum
1013 2091 1369 2168 populorum
1423 2099 1844 2168 praeceptores
1895 2090 2025 2149 fieri
2078 2096 2404 2169 potuerunt
2447 2090 2721 2149 monachi
2767 2087 2865 2147 Sti

614 2178 956 2251 Columbae,
1002 2197 1140 2237 nam
1172 2179 1467 2238 austerior
1498 2186 1560 2239 et
1590 2180 1846 2257 rigidior
1889 2186 2018 2239 erat
2061 2180 2269 2255 regula
2315 2200 2422 2237 nec
2467 2185 2671 2237 tamen
2715 2178 2864 2237 satis

611 2273 889 2326 accurata
949 2266 1011 2325 in
1069 2266 1417 2327 definiendis
1478 2268 1898 2328 monachorum
1960 2269 2264 2328 laboribus
2324 2269 2543 2327 nedum
2602 2268 2667 2327 in
2725 2286 2863 2327 con-

610 2356 927 2416 stituendis
971 2356 1241 2415 laborum
1285 2358 1464 2416 horis.

791 2445 925 2518 Qua
979 2446 1053 2504 de
1110 2466 1285 2505 causa
1340 2446 1555 2505 mirum
1614 2466 1732 2505 non
1790 2453 1905 2519 est,
1969 2446 2127 2523 qued
2183 2445 2508 2506 Columbae
2559 2446 2771 2523 regula
2828 2466 2864 2503 a

612 2533 709 2594 Sti
752 2532 1066 2594 Benedicti
1112 2537 1319 2612 regula
1364 2536 1578 2595 sensim
1624 2530 2055 2613 paullatimque
2101 2542 2396 2595 summota
2443 2541 2552 2594 est.
2575 2534 2600 2570 ²
2669 2532 2866 2610 Cujus

610 2624 699 2682 rei
742 2620 1191 2701 locupletissimi
1236 2631 1419 2685 testes
1466 2632 1605 2684 sunt
1650 2625 1908 2703 plurima
1953 2624 2056 2683 illa
2104 2624 2485 2697 monasteria,
2532 2624 2594 2683 in
2645 2623 2867 2701 quibus

610 2712 771 2772 haud
823 2713 911 2771 ita
964 2714 1153 2773 multo
1209 2721 1347 2791 post
1393 2710 1718 2773 Columbae
1775 2718 2025 2773 mortem
2083 2732 2213 2772 cum
2269 2712 2595 2789 Columbae
2651 2714 2862 2791 regula

612 2803 927 2876 conjuncta
982 2808 1074 2861 est
1130 2802 1225 2862 Sti
1278 2802 1590 2863 Benedicti
1648 2804 1872 2881 regula.
1963 2802 2151 2879 Cujus
2211 2800 2646 2877 conjunctionis
2709 2818 2862 2880 quae

612 2889 797 2948 fuerit
841 2889 1015 2962 ratic,
1064 2908 1137 2947 ex
1165 2891 1395 2949 Donati
1424 2894 1629 2968 regula
1663 2911 2013 2969 cognoscere
2061 2892 2216 2964 licet,
2261 2890 2326 2950 in
2371 2910 2490 2967 qua
2535 2908 2856 2970 poenarum

610 2996 831 3056 genera
863 2984 925 3037 et
955 2979 1241 3039 severitas
1272 2986 1454 3057 atque
1500 2998 1732 3040 morum
1777 2980 2046 3040 nonnulli
2093 2986 2432 3056 congruunt
2476 2997 2609 3039 cum
2651 2978 2854 3057 regula

612 3066 962 3140 Columbae,
1010 3067 1265 3128 interior
1302 3074 1507 3127 autem
1550 3070 1717 3129 vitae
1762 3070 2160 3129 instituendae
2207 3088 2415 3127 norma
2460 3070 2722 3147 repetita
2767 3073 2858 3127 est

611 3176 684 3215 ex
714 3158 921 3233 regula
954 3157 1048 3216 Sti
1078 3157 1418 3230 Benedicti3
1464 3165 1524 3217 et
1570 3178 1750 3236 quam
1797 3160 2004 3218 crebra
2050 3158 2272 3217 fuerint
2317 3159 2463 3217 haec
2502 3156 2862 3217 monasteria

608 3244 927 3305 seeundum
978 3244 1246 3327 reqalam
1300 3244 1415 3307 SS.
1470 3245 1784 3308 Benedicti
1833 3254 1890 3307 et
1944 3243 2296 3307 Columbani
2350 3246 2655 3320 instituta,
2723 3264 2860 3325 pere

608 3335 831 3393 multae
875 3355 1029 3411 quae
1072 3342 1315 3396 exstant
1358 3338 1600 3396 tabulae
1655 3343 1957 3397 testantur
2011 3338 2108 3413 (cf.
2154 3336 2432 3413 Loening
2476 3335 2574 3409 ΙΙ,
2619 3357 2680 3415 p.
2727 3334 2860 3393 442

609 3429 733 3481 not.
782 3425 865 3499 2).
957 3424 1031 3482 In
1080 3426 1211 3503 ipso
1258 3427 1616 3485 monasterio
1665 3426 2027 3487 Luxoviensi
2076 3430 2203 3503 jam
2248 3426 2412 3485 intra
2457 3442 2678 3483 annum
2729 3424 2870 3483 631·

609 3512 819 3589 regula
865 3511 960 3571 Sti
1005 3513 1318 3573 Benedicti
1366 3534 1497 3573 cum
1530 3516 1854 3575 Columbae
1899 3517 2106 3592 regula
2151 3518 2468 3591 conjuncta
2506 3530 2642 3573 esse
2687 3513 2852 3573 vide-

608 3608 711 3661 tur
755 3600 1055 3679 (Loening
1098 3602 1185 3675 II,
1229 3624 1289 3680 p.
1338 3604 1494 3675 4413
1540 3603 2028 3676 Montalembert,
2075 3604 2161 3663 les
2207 3604 2432 3663 moines
2477 3600 2721 3662 d’occid.
2767 3600 2855 3675 II,

608 3710 665 3767 p.
711 3687 870 3764 572)
918 3710 1109 3767 neque
1154 3692 1297 3750 alibi
1346 3692 1605 3767 (Hertel,
1654 3713 1710 3768 p.
1747 3691 1901 3767 453)
1948 3695 2154 3769 regula
2187 3690 2511 3752 Columbae
2556 3692 2675 3751 nisi
2721 3712 2857 3750 con-

603 3782 815 3854 juncta
861 3798 991 3837 cum
1025 3778 1119 3838 Sti
1150 3778 1463 3839 Benedicti
1510 3780 1764 3858 amplius
1810 3780 2052 3840 videtur
2095 3782 2370 3859 viguisse,
2416 3799 2558 3841 nam
2604 3786 2858 3841 exeunte

610 3886 759 3926 saec.
806 3866 937 3927 VII
984 3867 1165 3925 etiam
1224 3869 1285 3926 in
1341 3868 1712 3945 Burgundis,
1775 3888 1810 3928 a
1857 3868 2070 3945 quibus
2130 3871 2399 3947 profecta
2461 3878 2590 3930 erat
2648 3868 2860 3947 regula

610 3954 952 4029 Columbae,
999 3954 1095 4016 Sti
1139 3955 1452 4015 Benedicti
1498 3958 1704 4035 regula
1747 3959 2090 4037 percrebuit
2135 3958 2434 4036 (Loening
2463 3956 2548 4033 ΙΙ,
2587 3978 2649 4037 p.
2682 3950 2868 4034 442).

795 4185 816 4215 ²
855 4184 1013 4254 Quae
1052 4184 1343 4239 Ebrardus
1381 4186 1461 4253 (p.
1487 4184 1595 4238 365
1622 4186 1769 4254 sqq.)
1810 4185 1880 4238 de
1919 4201 2145 4254 opressa
2171 4186 2370 4256 regula
2396 4184 2708 4239 Columbae
2745 4184 2853 4237 sibi

609 4251 785 4321 finxit,
826 4256 1000 4325 digna
1036 4274 1149 4311 non
1186 4260 1347 4322 sunt,
1385 4270 1529 4325 quae
1566 4254 1824 4323 pluribus
1863 4256 2176 4321 diluantur,
2215 4264 2278 4309 ut
2315 4259 2514 4326 sponte
2555 4256 2857 4327 apparebit

612 4343 683 4379 ex
720 4326 806 4392 iis,
848 4341 991 4395 quae
1029 4329 1340 4397 proferam.-
