3259 5084
1541 255 1983 325 ...13-

991 439 1067 510 de
1115 443 1414 510 Britonum
1462 443 1519 508 in
1569 443 1759 510 Gallia
1806 443 1868 510 et
1914 444 2199 526 Hispania
2244 443 2529 510 ecclesiis

628 535 986 596 disserenda
1042 535 1214 593 nobis
1269 541 1459 595 erunt.
1549 535 1899 608 Britonum,
1966 555 2099 594 cum
2159 557 2195 593 a
2254 533 2591 593 Saxonibus
2651 533 2889 593 sedibus

641 625 798 702 pulsi
867 629 1086 697 essent,
1157 624 1468 682 nonnullos
1539 625 1967 684 transmarinas
2036 624 2269 684 Galliae
2345 625 2616 701 regiones
2675 622 2887 700 petiise

641 735 821 792 supra
862 717 986 789 jam
1035 720 1556 772 commemoratum
1603 721 1710 775 est.
1802 711 1923 772 Sed
1967 713 2031 772 hi
2075 714 2323 772 minime.
2361 713 2541 792 primi
2569 711 2889 770 Britonum

643 803 940 861 domicilia
985 802 1059 859 in'
1083 800 1284 860 Gallia
1315 803 1713 878 quaesierunt.
1774 803 1918 862 Jam
1964 803 2067 860 diu
2095 803 2269 861 enim
2305 802 2421 872 ‚illa
2452 801 2685 860 Galliae
2730 821 2889 878 pars,

645 892 738 949 cui
768 892 942 950 hodie
973 911 1188 949 nomen
1219 897 1312 950 est
1355 887 1729 971 „Bretagmffl
1774 897 1917 950 tunc
1952 890 2286 964 Armorica,
2335 911 2371 949 a
2401 890 2751 949 Britonibus
2797 891 2885 947 in-

641 981 946 1040 colebatur
963 1025 976 1052 ,
1049 980 1152 1057 qui
1217 980 1478 1058 expulsis
1524 981 1926 1039 Romanorum
1991 981 2280 1040 militibus
2338 1000 2493 1038 anno
2540 979 2667 1036 409
2704 997 2885 1058 pecu-

641 1067 847 1130 liarem
907 1087 979 1129 em
1039 1088 1149 1127 sua
1207 1067 1480 1128 sementia
1540 1067 1824 1128 civitatem
1890 1069 2201 1146 (Zosimus.
2257 1070 2335 1130 H.
2384 1069 2501 1126 and
2548 1067 2637 1127 St.
2692 1067 2780 1141 II,
2833 1070 2888 1141 1,

641 1181 701 1237 p.
736 1160 818 1216 72
867 1165 974 1216 not
1004 1158 1069 1233 b)
1119 1157 1566 1226 constituerant.
1642 1158 1845 1234 Hujus
1900 1159 2072 1236 regni
2118 1158 2381 1237 episcopi
2426 1157 2625 1234 quinti
2670 1157 2889 1216 saeculi

639 1247 1006 1324 temporibus
1054 1246 1387 1306 Turonensi
1442 1247 1887 1326 archiepiscopo
1944 1249 2199 1324 subjecti
2260 1253 2431 1306 erant
2477 1247 2582 1322 (H.
2632 1247 2750 1304 and
2797 1245 2887 1305 St.

641 1336 726 1409 ΙΙ,
770 1337 914 1414 1‚.p.
949 1333 1058 1410 91)
1107 1343 1168 1394 et
1213 1335 1454 1412 synodis
1499 1337 1560 1394 in
1594 1335 1797 1396 Gallia
1828 1338 2205 1414 congregatis
2252 1337 2653 1395 interfuerunt
2699 1338 2884 1412 (conc.

643 1425 863 1498 Turon.
910 1423 960 1497 Ι,
1018 1425 1098 1482 H.
1157 1425 1273 1484 and
1331 1423 1419 1483 St.
1465 1425 1552 1499 Π,
1617 1427 1667 1498 1,
1725 1447 1783 1504 p.
1844 1428 1945 1500 72,
2010 1447 2165 1485 anno
2228 1427 2393 1498 4613
2463 1445 2623 1486 conc.
2670 1425 2885 1484 Venet.

641 1535 774 1573 ann.
825 1512 951 1572 465
1002 1513 1083 1571 ib.
1129 1535 1185 1592 p.
1237 1515 1347 1586 733
1405 1533 1563 1572 conc.
1611 1515 1922 1573 Aurelian.
1969 1516 2021 1590 Ι,
2070 1537 2205 1577 ann.
2244 1513 2381 1575 -511
2431 1515 2509 1572 ib.
2555 1535 2613 1592 p.
2665 1514 2775 1587 74,·
2812 1514 2888 1571 cf.⁴

639 1603 717 1662 ib.
764 1623 822 1681 p.
873 1603 952 1659 96
1006 1609 1125 1660 not.
1173 1602 1255 1678 b).
1349 1601 1468 1660 Sed
1525 1604 1671 1662 haec
1726 1604 2047 1663 Britonum
2095 1627 2225 1664 cum
2274 1603 2465 1663 Gallis
2522 1603 2883 1661 consuetudo

638 1691 880 1751 ineunte
927 1692 1158 1748 saeculo
1205 1696 1373 1749 sexto
1420 1693 1732 1770 paullatim
1778 1693 2115 1753 intermissa
2162 1700 2266 1768 est,
2316 1699 2634 1771 postquam
2664 1691 2886 1750 Franci

639 1800 793 1838 anno
860 1779 985 1837 502
1050 1779 1424 1838 Armoricam
1487 1801 1627 1840 suae
1698 1777 1945 1842 dicionis
2006 1785 2278 1842 fecerunt
2342 1783 2447 1859 (H.
2496 1782 2613 1840 and
2660 1780 2751 1842 St.
2796 1780 2883 1854 ΙΙ,

645 1871 698 1942 1,
745 1891 801 1947 p.
852 1865 936 1930 72
987 1875 1106 1926 not.
1155 1873 1228 1946 c).
1321 1871 1472 1930 Nam
1533 1891 1665 1928 cum
1712 1871 2030 1930 Britonum
2087 1873 2294 1945 duces,
2353 1871 2458 1948 qui
2504 1891 2577 1928 ex
2622 1891 2691 1928 eo
2736 1877 2878 1928 tem-

639 1979 782 2035 pore
829 1958 1070 2034 regibus
1119 1966 1535 2031 successerant,
1585 1981 1619 2018 a
1668 1960 2032 2020 Francorum
2088 1962 2430 2039 principatu
2476 1980 2665 2037 paene
2709 1958 2885 2016 liberi

639 2053 833 2106 essent
879 2045 983 2122 (H.
1033 2047 1151 2104 and
1197 2047 1283 2107 St.
1332 2047 1417 2120 II,
1472 2049 1522 2122 1,
1569 2069 1627 2126 p.
1681 2051 1762 2107 72
1810 2057 1933 2109 not.
1968 2053 2041 2127 c),
2089 2051 2171 2108 nil
2220 2051 2523 2122 obstabat,
2572 2047 2883 2124 quominus

636 2135 920 2194 Britones
965 2137 1184 2194 iterato
1233 2135 1596 2194 advenarum
1646 2139 1718 2196 de
1763 2139 1964 2216 patria
2010 2139 2273 2199 adventu
2320 2139 2484 2198 aucti
2514 2138 2619 2214 (H.
2644 2137 2763 2196 and
2794 2135 2883 2196 St.

634 2224 721 2297 Π,
775 2225 827 2297 l,
875 2245 930 2301 p.
982 2226 1064 2282 72
1113 2230 1232 2284 not.
1275 2224 1339 2301 d)
1387 2225 1522 2284 odio
1571 2233 1779 2286 contra
1824 2227 2114 2301 Francos,
2181 2228 2451 2286 dominos
2496 2247 2659 2299 suos,
2730 2247 2883 2284 com-

635 2313 782 2372 moti
827 2314 976 2372 adeo
1022 2313 1378 2388 solitariam,
1424 2321 1494 2374 ut
1539 2314 1626 2373 ita
1672 2316 1892 2390 dicam,
1942 2317 2130 2376 vitam
2172 2319 2373 2378 vivere
2420 2317 2766 2393 inciperent,
2814 2321 2886 2374 ut

635 2403 898 2480 episcopi
973 2423 1174 2461 eorum
1245 2402 1308 2461 in
1347 2404 1626 2480 ‚synodis
1692 2403 2003 2464 Gallorum
2066 2408 2163 2465 vel
2236 2406 2441 2484 potius
2512 2405 2888 2463 Francorum

636 2493 886 2569 posthac
916 2492 1017 2550 vix
1050 2499 1382 2569 appareant
1415 2494 1512 2568 (cf.
1545 2493 1625 2554 H.
1660 2494 1777 2552 and
1810 2494 1897 2554 St.
1930 2495 2016 2568 II,
2056 2497 2110 2569 1,
2153 2517 2209 2574 p.
2247 2497 2325 2553 91
2362 2502 2425 2555 et
2454 2515 2510 2571 p.
2546 2495 2625 2550 96
2662 2489 2783 2552 not.
2816 2494 2881 2574 b)

635 2586 698 2638 et
749 2601 826 2638 ne
884 2581 1264 2658 synodalibus
1323 2583 1558 2657 quidem
1619 2583 2046 2643 minationibus
2100 2584 2349 2660 (Turon.
2404 2583 2491 2656 ΙΙ,
2549 2603 2683 2641 ann.
2734 2583 2882 2655 567,

634 2669 713 2728 Η.
747 2670 864 2728 and
895 2669 985 2730 St.
1017 2669 1106 2743 II,
1145 2669 1196 2742 1,
1229 2691 1290 2747 p.
1328 2672 1438 2747 77)
1485 2671 1803 2730 videantur
1846 2673 2111 2750 potuisse
2160 2672 2529 2746 commoveri,
2578 2677 2646 2731 ut
2692 2671 2881 2730 archi-

634 2758 909 2836 episcopo
959 2758 1291 2816 Turonensi
1337 2759 1588 2837 amplius
1636 2760 2003 2820 oboedirent.

812 2847 1078 2920 Quorum
1133 2846 1452 2905 Britonum
1509 2848 1580 2906 de
1638 2851 1903 2910 moribus
1962 2869 2113 2927 quae
2172 2849 2421 2908 dicenda
2481 2856 2679 2923 erunt,
2743 2870 2876 2908 con-

630 2935 806 3011 jungi
851 2941 1102 3013 possunt
1147 2954 1278 2994 cum
1325 2936 1416 3010 iis,
1464 2957 1616 3014 quae
1662 2938 1735 2998 de
1782 2939 1898 2998 illis
1930 2939 2249 2998 Britonum
2293 2939 2570 3012 ecclesiis,
2618 2959 2769 3015 quae
2816 2939 2879 2997 in

633 3022 930 3101 Hispania
977 3045 1045 3082 ac
1093 3024 1329 3101 quidem
1375 3026 1436 3083 in
1473 3025 1731 3086 Gallicis
1776 3027 1929 3088 sexti
1974 3027 2193 3088 saeculi
2245 3028 2613 3106 tempo-ribus
2655 3029 2876 3106 reperi·

632 3118 816 3171 untur
848 3113 951 3190 (H.
984 3107 1104 3172 >and
1135 3113 1224 3172 St.
1255 3113 1342 3188 ΙΙ,
1381 3114 1434 3186 1,
1481 3138 1536 3195 p.
1575 3118 1655 3174 99
1691 3120 1847 3194 sqq.)
1880 3137 2335 3176 commemorare
2366 3117 2539 3176 nobis
2562 3137 2711 3196 opus
2744 3117 2875 3176 erit.

812 3202 975 3275 Quid
1007 3203 1194 3280 igitur
1225 3202 1298 3260 de
1331 3208 1582 3282 utraque
1614 3206 1725 3265 hac
1756 3206 2075 3266 Britonum
2110 3207 2355 3267 ecclesia
2386 3206 2698 3265 dicendum
2746 3206 2877 3266 est?

634 3291 869 3366 qualem
914 3291 1248 3350 invenimus
1296 3294 1370 3351 ab
1418 3295 1693 3354 universa
1739 3297 1987 3356 ecclesia
2019 3295 2485 3356 dissensionem?
2530 3296 2769 3356 Nullam
2802 3297 2875 3354 de

630 3375 751 3436 fide<
779 3380 1088 3438 catholica.
1180 3380 1472 3458 Alioquin
1504 3404 1695 3460 neque
1728 3383 1977 3444 Gallicis
2010 3386 2153 3462 (vid.
2187 3386 2390 3462 supra)
2430 3403 2623 3460 neque
2654 3385 2874 3463 Hispa-

631 3467 780 3526 nicis
828 3469 932 3544 (H.
981 3469 1099 3527 and
1146 3468 1232 3530 St.
1280 3470 1365 3542 II,
1421 3473 1472 3543 1,
1519 3494 1576 3550 p.
1627 3474 1712 3543 99,
1738 3477 1871 3550 sq.)
1933 3474 2173 3550 synodis
2234 3472 2553 3531 Britonum
2614 3473 2874 3552 episcopi

631 3557 984 3629 adfuissent,
1034 3557 1295 3635 alioquin
1345 3557 1671 3636 Gregorius
1719 3560 2080 3620 Turonensis
2126 3561 2498 3632 Winochum,
2544 3561 2872 3636 Britonem,

631 3666 749 3704 non
797 3645 1098 3706 laudasset
1144 3648 1236 3706 his
1282 3649 1505 3708 verbis:
1555 3657 1689 3708 tunc
1722 3650 1783 3724 (i.
1818 3671 1862 3711 e.
1898 3671 1949 3708 a.
1982 3651 2037 3711 d.
2073 3649 2225 3727 578)
2275 3645 2602 3722 Winoclzus,
2648 3648 2871 3723 Britto,

627 3733 690 3793 in
749 3754 981 3794 summa
1043 3734 1380 3796 abstiraentia
1426 3757 1464 3794 a
1513 3733 1846 3798 Britanniis
1904 3737 2053 3797 venit
2115 3736 2375 3799 Turones
2433 3735 2873 3820 Izliersolymam

628 3822 796 3884 adire
842 3822 1090 3904 σαρίσης,
1135 3821 1364 3884 nullam
1409 3822 1575 3884 aliud
1618 3826 2014 3886 vestimentum
2056 3826 2173 3886 nisi
2216 3872 2228 3886 .
2265 3871 2277 3886 .
2358 3825 2659 3901 whabens
2704 3848 2873 3910 quem

627 3931 732 3972 nos
763 3913 916 3990 (ipse
948 3912 1319 3991 Gregorius),
1365 3933 1478 3994 quo
1509 3912 1757 3996 facilius
1803 3925 2135 3988 teneremus,
2180 3915 2321 3998 quia
2364 3915 2527 3976 nobis
2571 3915 2872 3999 reliyiosus

627 3998 797 4061 valde
841 4001 1158 4075 videbatur,
1200 4001 1548 4082 presbyterii
1585 4004 1783 4084 qratia
1811 4002 2223 4066 honoravimus
2270 4006 2351 4082 (h.
2384 4027 2428 4068 e.
2464 4011 2624 4083 gent.
2655 4007 2867 4066 Franc.

628 4091 1378 4165 V,...,24HandStI
1434 4094 1487 4166 1,
1534 4114 1592 4171 p.
1645 4091 1772 4170 78).

807 4179 1080 4239 Eundem
1114 4201 1254 4258 ergo
1287 4180 1361 4238 de
1407 4137 1522 4238 fide
1571 4183 1864 4244 catholica
1910 4204 2259 4244 consensum
2304 4183 2647 4264 reperimus,
2694 4205 2867 4261 quem

626 4269 786 4346 apud
841 4268 1100 4327 Gildam.
1193 4269 1349 4344 Quin
1415 4270 1592 4329 etiam
1657 4293 1807 4348 quae
1866 4294 2047 4350 supra
2109 4273 2183 4332 de
2244 4273 2616 4333 sacerdotum
2664 4274 2867 4334 matri-

627 4358 838 4415 moniis
898 4379 1014 4416 non
1075 4359 1200 4416 sine
1256 4360 1608 4432 conjecturis
1677 4362 1737 4419 in
1800 4362 2057 4420 medium
2123 4363 2502 4440 protulimus,
2574 4364 2684 4422 hoc
2740 4363 2869 4421 loco
