3259 5084
1565 263 1952 322 ..6.-

640 456 701 508 et
745 447 808 506 in
839 447 1146 528 ‚Hibernia
1193 445 1507 525 praecipue
1555 464 1735 521 opera
1767 442 2090 505 Malachiae
2138 439 2565 520 archiepiscopi
2594 441 2666 516 (†
2705 441 2869 498 1148

639 539 710 596 cf.
757 535 974 607 Schbll,
1021 536 1279 612 Herzog,
1325 534 1400 593 B..
1447 533 1517 591 E.
1572 535 1625 590 1.
1669 532 1831 592 Aufl.
1880 533 2012 591 Art.
2058 531 2377 590 Malachiae
2426 533 2484 603 8,
2530 552 2587 609 p.
2638 530 2762 587 749
2812 536 2873 588 et

638 625 774 685 Art.
822 624 1076 684 Ouldeer
1123 625 1190 697 3,
1251 644 1308 701 p.
1363 623 1512 698 198)
1572 629 1635 681 et
1693 622 1755 679 in
1818 621 2017 681 Scotia
2072 620 2343 698 inprimis
2403 619 2655 678 Davidis
2713 619 2871 696 regis

639 713 1129 792 (1124—1153)
1177 719 1238 771 et
1281 711 1537 770 Roberti
1582 710 1873 789 episcopi,
1943 710 2103 768 illius
2148 709 2441 786 aequalis,
2512 728 2692 786 opera
2736 710 2869 768 sub-

639 803 867 862 stitutis
912 802 974 862 in
1021 821 1218 860 eorum
1267 802 1457 859 locum
1506 800 1801 859 canonicis
1857 800 1964 858 sub
2014 798 2336 876 Augustini
2382 799 2587 875 regula
2632 797 2869 857 canoni-

639 893 751 951 cali
782 891 1116 950 viventibus
1148 890 1368 966 (Skene
1398 889 1484 962 ΙΙ,
1528 911 1585 967 p.
1621 889 1749 948 384
1782 893 1953 967 sqq.).
2046 888 2288 960 Tamen,
2336 888 2449 948 etsi
2496 887 2667 964 ejecti
2700 893 2872 946 erant

638 1002 711 1040 ex
751 980 1148 1058 compluribus
1194 979 1469 1052 ecclesiis,
1516 979 1576 1036 in
1625 979 1975 1055 quibusdam
2023 979 2225 1058 paullo
2272 977 2493 1037 diutius
2539 975 2872 1055 privilegiis

639 1070 758 1130 suis
817 1070 1138 1128 utebantur
1200 1069 1418 1144 (Skene
1464 1068 1549 1141 ΙΙ,
1610 1089 1667 1146 p.
1718 1068 1843 1126 399
1892 1087 1978 1144 sq.
2042 1069 2187 1126 404.
2252 1067 2378 1125 415
2426 1067 2597 1142 sqq),
2658 1087 2870 1124 nomen

639 1159 816 1218 etiam
864 1158 1065 1218 XV¹¹¹⁰
1110 1160 1340 1218 saeculo
1387 1157 1647 1216 occurrit
1694 1157 1922 1233 (Braun
1969 1178 2024 1234 p.
2081 1157 2200 1232 10).

816 1247 1039 1307 Verum
1089 1248 1388 1306 enimvero
1445 1245 1537 1306 his
1582 1245 1825 1305 Culdeis
1884 1245 2032 1304 nihil
2094 1245 2180 1303 rei
2242 1265 2366 1304 esse
2430 1263 2561 1304 cum
2622 1245 2871 1321 antiqua

640 1337 951 1397 Scotorum
993 1337 1234 1397 ecclesia
1265 1336 1442 1396 dicas.
1534 1333 1730 1412 Atqui
1761 1333 2087 1407 Ebrardus‚
2134 1333 2237 1410 qui
2280 1333 2557 1412 opinatus
2604 1334 2871 1412 legitima

639 1427 818 1486 fuisse
865 1445 1061 1486 eorum
1108 1425 1481 1485 matrimonia
1541 1445 1641 1484 eos
1700 1424 1859 1501 ipsos
1917 1423 2214 1502 legitimos
2270 1424 2544 1482 ecclesiae
2600 1423 2869 1484 Scoticae

639 1516 972 1594 sacerdotes
1017 1516 1198 1575 fuisse
1243 1520 1434 1593 putat,
1483 1515 1659 1573 aliter
1688 1511 1931 1572 censuit.
2020 1512 2311 1588 Majorum
2343 1533 2582 1572 suorum
2612 1535 2713 1573 eos
2745 1533 2869 1574 esse

639 1605 891 1682 vestigia
938 1610 1167 1663 secutos
1213 1603 1502 1676 affirmat,
1573 1609 1636 1662 et
1680 1623 1753 1661 ne
1800 1602 2035 1661 omnino
2082 1601 2438 1662 testimoniis
2486 1610 2684 1662 careat
2726 1603 2872 1662 haec

641 1693 857 1770 opini0,
897 1697 1020 1769 jam
1069 1693 1200 1752 illos
1232 1691 1489 1752 Ouldeos
1521 1693 1855 1771 appellatos
1901 1692 2083 1750 fuisse
2130 1691 2451 1751 contendit.
2542 1692 2633 1752 At
2677 1693 2870 1770 ipsum

637 1782 1040 1841 testimonium
1071 1781 1410 1841 testimonio
1443 1787 1594 1859 eget.
1657 1780 1777 1841 Sed
1815 1782 2053 1858 longum
2087 1789 2178 1840 est
2206 1781 2404 1840 omnia
2433 1782 2580 1842 falsa
2612 1781 2869 1840 Ebrardi

638 1878 985 1949 argumenta
1015 1871 1282 1930 refellere
1316 1872 1409 1945 (cf.
1444 1878 1653 1930 contra
1668 1870 1930 1934 Ebrardi
1960 1870 2511 1930 commentationem
2544 1872 2607 1930 in
2636 1871 2871 1930 Kahnis

639 1960 924 2019 Zeitschr.
956 1962 994 2019 f.
1029 1960 1084 2018 d.
1128 1961 1264 2019 hist.
1315 1960 1519 2019 Theol.
1573 1959 1742 2018 1875
1791 1981 1848 2038 p.
1884 1959 2011 2019 465
2059 1979 2187 2036 sqq.
2234 1959 2510 2037 Loening
2554 1960 2604 2018 I.
2650 1981 2707 2038 p.
2741 1960 2867 2018 423

637 2055 758 2107 not.
814 2051 890 2125 l).
982 2049 1252 2121 Diluam‚
1311 2069 1428 2125 quo
1475 2049 1846 2128 potissimum
1893 2049 2114 2121 utitur,
2172 2055 2601 2126 argumentum.
2694 2047 2871 2108 Teste

637 2139 793 2195 enim
838 2137 1112 2196 Ebrardo
1157 2157 1368 2197 nomen
1416 2137 1774 2197 Ouldeorum
1839 2138 1900 2195 in
1962 2157 2289 2196 sermonem
2334 2139 2583 2198 latinum
2632 2157 2869 2197 conver·

638 2247 766 2286 sum
812 2232 1079 2308 apparet,
1127 2227 1462 2303 ubicunque
1507 2227 1570 2285 in
1619 2227 1759 2286 vitis
1807 2235 2159 2299 sanctorum,
2208 2228 2311 2304 qui
2356 2229 2449 2286 vel
2496 2228 2611 2304 ipsi
2656 2227 2719 2285 in
2760 2226 2871 2285 Hi·

637 2315 846 2374 hernia
885 2315 1013 2374 nati
1058 2322 1198 2375 sunt
1242 2316 1334 2375 vel
1383 2316 1596 2394 quibus
1644 2336 1777 2375 cum
1822 2317 2043 2375 talibus
2088 2317 2458 2376 necessitudo
2504 2317 2635 2389 fuit,
2684 2315 2874 2376 sancti

636 2403 724 2464 illi
793 2405 945 2478 „viri
1004 2405 1134 2463 dei“
1203 2406 1595 2484 appellantur.
1686 2405 1881 2482 Atqui
1940 2426 2153 2464 nomen
2218 2405 2477 2464 virorum
2539 2406 2635 2464 dei
2697 2406 2873 2482 longe

638 2494 811 2553 aliam
858 2494 977 2553 vim
1024 2495 1265 2567 habere,
1314 2500 1494 2572 atque
1540 2495 1848 2554 Ebrardus
1894 2502 2099 2572 putat,
2147 2495 2282 2554 inde
2322 2498 2447 2571 jam
2494 2495 2871 2554 manifestum

601 2589 758 2656 ,est‚
829 2585 985 2660 quod
1030 2584 1334 2643 Romanae
1381 2605 1616 2663 quoque
1664 2583 1941 2643 ecclesiae
1988 2585 2179 2643 sancti
2224 2589 2293 2643 ut
2338 2584 2465 2662 ipse
2512 2584 2870 2655 Bonifatius,

634 2673 1036 2750 Moguntinus,
1083 2681 1146 2732 et
1178 2673 1570 2746 Willibaldus,
1617 2673 2106 2746 Eichstedtensis,
2153 2674 2215 2732 in
2260 2673 2522 2750 ipsorum
2553 2673 2695 2734 vitis
2727 2693 2870 2732 non·

637 2782 959 2837 numquam
1003 2762 1104 2820 illo
1135 2763 1371 2821 nomine
1401 2765 1798 2842 appellantur,
1845 2762 2213 2823 manifestius
2260 2763 2347 2835 fit,
2394 2764 2444 2822 si
2484 2767 2619 2840 jure
2650 2763 2872 2823 Skenio

635 2850 885 2926 aliisque
931 2850 1240 2910 Britannis
1286 2852 1533 2911 verbum
1567 2851 1923 2911 Ouldeorum
1972 2854 2149 2912 aliter
2191 2851 2699 2930 interpretandum
2747 2871 2871 2912 esse

635 2940 824 2998 visum
872 2945 976 2998 est.
1069 2940 1162 2999 De
1209 2959 1326 3015 qua
1371 2960 1436 2998 re
1482 2940 1669 3019 ipsius
1715 2940 1921 3001 Skenii
1968 2942 2079 3016 (II,
2120 2964 2178 3021 p.
2214 2939 2334 2999 251
2376 2947 2497 3000 not.
2533 2941 2641 3016 44)
2689 2942 2871 3000 verba

633 3029 1058 3088 transscribere
1106 3029 1247 3087 mihi
1293 3029 1497 3088 liceat:
1566 3025 1795 3104 „Ceile“
1848 3030 2083 3106 (Guldei
2129 3030 2283 3088 enim
2332 3049 2597 3090 sermone
2642 3029 2871 3089 Celtico

635 3124 775 3176 sunt
823 3116 1088 3176 Geile-de
1135 3119 1230 3176 vel
1261 3117 1549 3196 Uele-de),
1597 3120 1809 3196 inquit,
1865 3139 1967 3194 „as
2012 3141 2051 3178 a
2096 3117 2441 3179 substantive
2482 3137 2683 3179 means
2728 3115 2869 3178 liae-

633 3202 789 3286 rally
832 3203 1089 3277 „sociu⁸“
1150 3206 1492 3280 „mar12u8“,
1539 3207 1637 3267 but
1680 3206 1725 3266 it
1767 3205 1874 3267 luz-s
1918 3229 1959 3267 a
2002 3207 2324 3288 sec-ondam
2368 3207 2659 3290 meaninq,
2714 3227 2870 3283 „ser-

635 3302 799 3354 vus“.
875 3292 991 3354 Dr.
1025 3293 1242 3355 Reeves
1285 3295 1348 3356 in
1392 3295 1480 3356 lais
1525 3295 1688 3357 work
1731 3317 1807 3356 on
1851 3293 1943 3358 tlte
1972 3294 2204 3358 British
2238 3295 2481 3359 Ctddees
2526 3297 2737 3381 adopts
2781 3294 2873 3356 the

634 3383 954 3466 secomiary
1011 3384 1284 3466 meaniny
1298 3429 1315 3458 ,
1385 3385 1509 3446 and
1567 3385 1859 3446 considers
1920 3384 2044 3446 that
2100 3387 2145 3447 it
2196 3385 2245 3446 is
2300 3385 2515 3469 simply
2576 3384 2667 3446 the
2727 3383 2871 3447 irish

634 3471 951 3556 equivalent
997 3472 1072 3554 of
1103 3494 1296 3534 smms
1341 3474 1438 3534 dei
1449 3519 1462 3547 ‚
1525 3472 1707 3534 which
1723 3517 1740 3546 ,
1802 3473 1869 3534 he
1914 3496 2051 3555 says
2064 3519 2083 3547 ,
2144 3495 2265 3534 was
2310 3472 2401 3534 the
2446 3474 2729 3556 ordinary
2774 3494 2867 3536 ex-

624 3561 893 3646 pression
921 3560 1034 3644 for
1077 3583 1117 3622 a
1159 3562 1359 3634 monle,
1406 3563 1529 3622 and
1572 3561 1744 3622 hence
1786 3573 1963 3624 stans
2007 3561 2145 3622 with
2188 3561 2280 3624 the
2322 3563 2701 3644 αεεωπρίίοη,
2749 3562 2871 3624 that

633 3649 725 3712 the
760 3647 1038 3712 Cede-De
1082 3671 1227 3712 were
1269 3649 1485 3732 simply
1529 3650 1748 3712 monks.
1843 3649 2090 3712 Ebrard
2120 3653 2217 3730 (de
2262 3674 2379 3730 quo
2424 3655 2539 3714 nisi
2586 3655 2696 3713 hoc
2741 3657 2869 3714 loco

636 3748 697 3800 et
740 3761 797 3818 p.
841 3743 968 3800 226
1018 3743 1173 3820 apud
1221 3741 1520 3815 Skenium,
1567 3741 1683 3800 nisi
1728 3742 1921 3815 fallor,
1972 3763 2089 3800 non
2132 3742 2202 3802 fit
2247 3743 2492 3820 mentio)
2536 3739 2737 3824 rejects
2780 3741 2871 3804 the

636 3829 948 3912 renderiny
994 3829 1066 3911 by
1110 3849 1303 3890 servus
1349 3829 1459 3901 dei,
1507 3831 1629 3890 and
1674 3851 1950 3912 sufflo-ses
1966 3877 1983 3903 ,
2028 3829 2151 3891 that
2196 3830 2241 3891 it
2284 3830 2333 3891 ic
2376 3828 2468 3891 the
2512 3829 2673 3891 Irisk
2716 3831 2867 3915 equi·

634 3917 828 3980 valent
888 3918 962 4000 (ff
1008 3918 1097 3979 vir
1155 3917 1281 3989 (ἰθὺ
1349 3917 1447 3978 but
1489 3916 1600 3980 this
1646 3919 1697 3979 is
1741 3917 1858 3980 still
1899 3941 2061 3980 more
2104 3917 2520 4000 objectionable.
2627 3917 2732 3982 Vir
2776 3921 2873 3982 dei

635 4029 758 4068 was
804 4029 842 4068 a
887 4017 1034 4068 term
1077 4005 1320 4090 applied
1364 4015 1420 4068 to
1465 4005 1549 4068 all
1589 4007 1772 4068 saint-3
1817 4007 1892 4091 of
1923 4006 2205 4068 whatever
2248 4006 2425 4083 class,
2489 4010 2612 4071 and
2662 4010 2725 4071 in
2777 4008 2869 4072 tlw

637 4096 817 4179 litany
862 4096 936 4179 of
967 4093 1206 4178 Angue,
1253 4093 1381 4157 who
1425 4094 1669 4180 himself
1702 4095 1836 4158 bore
1880 4095 1969 4158 the
2012 4115 2184 4158 name
2228 4096 2302 4179 of
2338 4095 2618 4159 Cede-De
2662 4120 2733 4160 or
2775 4097 2868 4161 the
2987 4171 2992 4176 .

641 4183 852 4248 Culdee
899 4189 1008 4264 (ca.
1057 4187 1218 4264 800)
1264 4184 1309 4245 it
1351 4184 1401 4245 is
1446 4183 1767 4248 translated
1812 4181 2095 4258 Fer-De,
2158 4183 2254 4246 but
2298 4185 2359 4247 in
2403 4185 2495 4247 the
2534 4186 2749 4270 qlosses
2794 4209 2869 4249 on

637 4272 728 4335 the
767 4272 958 4337 Felire
990 4279 1097 4352 (==
1130 4274 1490 4352 festilcgium
1523 4277 1618 4336 vel
1658 4277 1887 4353 feriale)
1936 4275 2009 4358 of
2042 4272 2248 4358 Anyus
2293 4273 2382 4337 tlte
2428 4277 2595 4337 word
2627 4275 2777 4338 Ceile
2818 4277 2869 4338 ic

633 4363 860 4449 ylossed
893 4363 1115 4438 Carait,
1164 4385 1232 4425 or
1258 4362 1528 4445 fiiend“.
1617 4366 1758 4444 Ipse
1789 4365 2043 4424 Skenius
2074 4366 2218 4442 quid
2248 4367 2467 4426 sentiat
2510 4367 2583 4426 de
2628 4367 2867 4431 notione
