3259 5084
1299 269 1726 336 —13—

573 455 745 531 Quod
791 475 1068 533 magnum
1113 455 1398 534 temporis
1442 455 1822 516 intervallum
1869 455 2167 516 oblivione
2222 477 2465 534 prorsus
2526 458 2625 516 ob-

393 552 692 614 scuratum
741 551 892 606 esset
937 543 1053 604 nisi
1093 544 1186 604 his
1225 545 1370 622 ipsis
1403 544 1773 624 temporibus
1805 543 2015 605 Gildas
2047 546 2395 625 scripsisset,
2442 546 2625 606 histo-

395 636 545 694 riam
592 656 745 694 anno
796 635 922 694 560
970 635 1066 694 vel
1116 633 1243 692 564
1290 635 1388 711 (cf.
1437 632 1638 694 8011611
1683 656 1742 714 p.
1793 635 1849 706 3,
1895 635 1973 694 H.
2022 634 2139 694 and
2183 633 2273 695 St.
2320 635 2371 709 I,
2416 658 2474 714 p.
2523 637 2625 710 44,

393 729 516 783 not.
549 727 616 804 †)
664 724 978 804 epistulam
1027 729 1166 782 ante
1211 743 1430 782 annum
1473 721 1597 782 547
1634 724 1731 800 (cf.
1766 722 1963 782 8011611
1993 729 2054 783 01
2083 725 2162 782 H.
2196 725 2313 784 and
2345 723 2433 784 St.
2465 727 2501 783 l.
2536 729 2626 802 c.).

393 814 545 875 Nam
606 834 756 890 quae
817 819 1056 893 praeter
1113 812 1258 872 haec
1305 811 1517 872 Gildae
1577 814 1799 891 scripta
1860 819 2095 872 exstant
2156 817 2281 889 ejus
2342 815 2627 892 temporis

393 903 749 976 testimonia,
799 903 1202 982 epistularum,
1252 922 1402 979 01100
1435 901 1649 962 Gildae
1696 902 2089 976 ascribuntur,
2136 908 2197 960 et
2240 903 2381 962 libri
2424 904 2625 982 poeni·

329 1057 337 1066 ⁴
392 992 658 1052 tentialis
707 993 966 1068 ejusdem
1012 991 1298 1070 reliquiae
1344 992 1448 1068 (H.
1499 990 1616 1050 and
1663 989 1751 1051 St.
1798 991 1849 1065 I,
1894 1013 1954 1070 p.
2003 992 2393 1069 108—115),
2438 993 2625 1051 incer-

393 1081 552 1141 tiora
597 1080 744 1140 mihi
773 1081 1052 1141 videntur
1097 1100 1241 1155 esse,
1290 1101 1466 1158 quam
1497 1081 1712 1158 quibus
1742 1081 1837 1140 hic
1866 1088 2123 1155 utamur,
2170 1086 2398 1141 statuta
2430 1087 2625 1141 autem

393 1170 718 1248 synodalia,
753 1191 904 1248 quae
933 1174 1386 1250 permanserunt
1417 1170 1522 1246 (H.
1548 1171 1665 1230 and
1689 1169 1777 1230 St.
1801 1169 1853 1244 I,
1885 1191 1941 1248 p.
1973 1173 2001 1228 1
2019 1172 2335 1244 16-119,
2360 1171 2627 1230 Wasser-

393 1260 686 1333 schleben,
734 1259 1252 1338 Bussordnungen,
1298 1281 1356 1338 p.
1411 1261 1534 1318 103
1583 1262 1695 1336 sq.)
1741 1260 1817 1318 ad
1862 1259 2278 1320 illustrandum
2326 1260 2435 1318 hoc
2480 1266 2625 1319 tem-

301 1373 310 1385 *
393 1349 554 1427 poris
601 1349 858 1427 spatium
902 1370 1114 1429 parum
1155 1349 1442 1408 momenti
1489 1347 1776 1422 afferunt,
1824 1369 1931 1407 nec
1975 1355 2173 1408 tamen
2220 1351 2283 1408 in
2330 1350 2429 1423 eis,
2475 1370 2626 1426 quae

392 1439 689 1518 proferam
705 1483 720 1514 ,
789 1439 1026 1497 omnino
1085 1437 1651 1516 praetermittentur.
1714 1473 1798 1483 ——
1860 1437 2100 1497 Gildam
2162 1459 2300 1516 ergo
2356 1439 2627 1517 inprimis

393 1533 856 1606 perscrutemur,
903 1532 1113 1609 utpote
1161 1528 1263 1605 qui
1307 1548 1458 1588 unus
1505 1528 1576 1586 de
1623 1528 1895 1587 omnibus
1940 1527 2255 1587 Britonum
2302 1528 2626 1606 provinciis

393 1637 500 1676 1100
546 1617 805 1677 edoceat.
881 1617 1202 1696 Complura
1249 1617 1405 1676 enim
1451 1623 1588 1696 post
1632 1617 2036 1676 Romanorum
2082 1617 2397 1694 discessum
2442 1639 2627 1695 regna

325 1751 327 1753 .
393 1707 716 1766 constituta
775 1713 915 1766 sunt
973 1708 1036 1765 in
1097 1707 1462 1766 Britonibus.
1568 1706 1889 1786 Complura
1959 1711 2127 1766 erant
2195 1708 2259 1766 in
2330 1706 2625 1780 Cambria,
2710 1722 2715 1727 ·

395 1817 643 1873 0110111111
703 1795 1114 1874 potentissima
1160 1801 1330 1854 010111
1374 1815 1622 1872 regnum
1668 1796 1978 1855 Demetiae
2023 1796 2086 1854 in
2134 1797 2412 1856 Cambria
2457 1797 2626 1854 meri-

393 1885 616 1944 dionali
663 1893 724 1944 et
767 1906 1016 1963 regnum
1063 1884 1372 1962 Gywnedd
1417 1885 1479 1942 in
1527 1885 2009 1964 septentrionali,
2056 1887 2301 1945 tertium
2345 1886 2408 1944 in
2455 1886 2625 1944 meri-

398 1973 618 2033 dionali
645 1974 961 2033 Britannia
1007 1995 1254 2052 regnum
1277 1975 1667 2048 Damnoniae,
1716 1981 2014 2052 quartum,
2062 1979 2227 2052 cujus
2272 1981 2453 2053 caput
2500 1981 2629 2034 erat

400 2061 666 2121 Alcluith
713 2063 908 2140 (hodie
940 2059 1356 2140 Dumbarton),
1405 2065 1467 2122 in
1515 2063 1843 2124 confinibus
1877 2064 2113 2124 Scotiae
2159 2070 2219 2123 et
2257 2063 2625 2138 Britanniae,

401 2171 548 2226 quae
595 2172 748 2210 1111110
793 2159 942 2227 011111,
989 2174 1236 2232 regnum
1284 2174 1484 2212 eorum
1528 2154 1865 2227 Britonum,
1915 2154 2025 2231 qui<
2061 2154 2316 2213 Romani
2364 2155 2625 2232 appella-

397 2242 644 2314 bantur,
715 2242 964 2320 denique
1025 2245 1142 2303 alia
1203 2243 1432 2302 minora
1479 2244 1575 2320 (cf.
1621 2242 1873 2320 Bright,
1941 2265 1999 2322 p.
2050 2234 2161 2316 2⁵73
2230 2242 2425 2302 Skene
2470 2242 2519 2317 I,
2568 2265 2625 2321 p.

399 2329 522 2386 235
570 2333 698 2408 sq.).

572 2418 690 2478 Sed
721 2419 1086 2498 singulorum
1116 2421 1399 2482 historiae
1431 2422 1723 2480 rationem
1752 2421 1969 2480 habere
2016 2427 2218 2480 nostra
2262 2441 2383 2480 11011
2428 2423 2626 2495 refert,

394 2509 746 2586 praesertim
779 2530 910 2568 cum
943 2530 1094 2586 quae
1127 2511 1198 2568 de
1245 2510 1494 2588 singulis
1540 2515 1817 2570 constant
1863 2513 1957 2570 vel
2006 2519 2276 2570 constare
2320 2517 2626 2588 putantur,

393 2597 664 2656 nitantur
694 2598 757 2656 in
789 2598 1178 2676 scriptoribus
1208 2598 1312 2657 illa
1342 2601 1472 2678 ipsa
1503 2604 1701 2658 aetate
1746 2601 1921 2676 longe
1966 2601 2357 2660 inferioribus.
2418 2601 2627 2678 Neque

396 2684 604 2745 Gildas
635 2685 709 2746 de
741 2686 988 2764 singulis
1029 2687 1393 2765 singularum
1439 2690 1745 2766 regionum
1792 2689 2051 2748 ecclesiis
2094 2690 2277 2750 verba
2322 2690 2478 2764 fecit,
2526 2690 2627 2748 sed

395 2775 456 2832 in
503 2775 842 2834 universum
889 2776 1170 2853 loquitur.
1262 2777 1392 2851 Quo
1436 2777 1721 2837 libentius
1770 2799 1942 2837 aures
1988 2779 2042 2838 ei
2088 2779 2306 2838 demus.

572 2863 879 2936 Attamen,
928 2865 978 2924 si
1023 2886 1389 2943 speraremus
1435 2867 1576 2941 fore,
1630 2873 1699 2926 ut
1748 2865 1957 2926 Gildas
2000 2869 2195 2948 planis
2242 2889 2309 2927 ac
2356 2868 2627 2928 dilucidis

396 2955 594 3013 verbis
641 2955 920 3014 ecclesiae
982 2955 1196 3015 aetatis
1255 2975 1394 3015 suae
1453 2956 1771 3034 imaginem
1834 2957 2005 3016 nobis
2066 2957 2405 3034 effingeret,
2472 2979 2627 3017 vana

395 3063 497 3120 spe
552 3049 902 3102 teneremur.
992 3044 1146 3105 Nam
1202 3065 1320 3104 non
1375 3046 1499 3104 sine
1561 3045 1786 3124 optimo
1841 3049 1975 3121 jure
2022 3045 2235 3105 Gildae
2282 3047 2353 3104 de
2399 3046 2625 3106 excidio

395 3132 746 3191 Britanniae
811 3133 1044 3192 libellus
1119 3134 1310 3208 „liber
1368 3135 1683 3212 querulus“
1758 3137 2093 3214 appellatus
2162 3141 2281 3195 est:
2360 3137 2627 3212 querelas

397 3220 664 3280 continet
721 3221 996 3297 historia,
1069 3224 1336 3300 querelas
1398 3224 1669 3302 epistula.
1761 3223 1881 3283 Sed
1925 3211 2245 3303 numquam
2294 3245 2325 3282 e
2374 3225 2627 3302 querelis

395 3331 612 3384 eorum,
660 3311 764 3387 qui
791 3312 1078 3389 neglectis
1117 3332 1304 3389 paene
1343 3332 1482 3371 suae
1528 3313 1743 3372 aetatis
1789 3313 2113 3374 virtutibus
2157 3314 2434 3373 videntur
2478 3313 2627 3373 nihil

395 3402 734 3460 obser'vasse
778 3401 894 3460 nisi
938 3421 1089 3478 quae
1135 3402 1528 3479 vituperanda
1575 3407 1773 3462 essent
1819 3403 1881 3461 in
1926 3403 2299 3480 aequalibus,
2370 3425 2511 3464 vera
2560 3423 2627 3462 00

394 3491 657 3567 perfecta
710 3491 1166 3568 praeteritorum
1220 3497 1554 3569 temporum
1601 3492 1817 3551 notitia
1862 3493 2186 3553 haurietur.
2277 3494 2627 3571 Nigerrimis

395 3599 534 3637 vero
581 3579 872 3638 coloribus
914 3579 1122 3640 Gildas
1169 3582 1501 3658 aequalium
1546 3603 1737 3640 mores
1784 3582 2071 3661 depinxit.
2163 3579 2368 3664 ReyeS,
2413 3584 2627 3660 inquit,

394 3663 560 3726 habet
603 3666 985 3740 Britanniae,
1032 3669 1136 3730 sed
1179 3678 1483 3750 tyrannos,
1539 3667 1769 3751 judices
1814 3668 2005 3744 habet,
2053 3671 2155 3732 sed
2198 3671 2437 3755 impios,
2482 3692 2627 3744 re03,

398 3752 663 3829 latr-ome,
711 3757 938 3836 dignos,
989 3759 1090 3836 qui
1120 3759 1238 3838 ipsi
1269 3760 1730 3819 condemnentur
1762 3763 1877 3838 (ep.
1910 3761 1945 3838 ξ
1980 3763 2058 3819 27
2094 3782 2223 3838 sqq.
2253 3783 2310 3839 p.
2346 3763 2426 3820 36
2452 3764 2627 3840 sqq.),

398 3845 712 3907 sacerdotes
755 3843 952 3919 habet,
1011 3847 1114 3908 sed
1155 3847 1478 3929 insapientes
1491 3894 1508 3920 ,
1567 3867 1750 3930 quam
1796 3846 2093 3928 plurimos
2136 3849 2429 3910 ministros
2448 3899 2463 3928 ,
2524 3850 2628 3912 sed

397 3932 776 4016 impudentes,
843 3933 1073 3997 elericos
1127 3937 1231 3998 sed
1283 3947 1548 4018 raptores
1591 3935 1888 4009 subdolos,
1950 3936 2346 4000 cedema-§ticos
2401 3939 2627 4020 gradus

385 4024 740 4104 propensius
766 4045 943 4106 quam
973 4045 1154 4107 reqna
1183 4023 1472 4086 coelorum
1504 4025 1813 4088 ambientes
1844 4028 2011 4106 (ibid.
2042 4030 2078 4108 ξ
2113 4031 2213 4103 66,
2244 4050 2301 4107 p.
2338 4032 2372 4086 7
2382 4031 2418 4086 2
2453 4032 2623 4106 sqq.),

397 4111 568 4172 Talia
613 4116 948 4192 legentibus
993 4115 1165 4175 nobis
1212 4115 1606 4176 confitendum
1656 4123 1745 4176 est
1793 4116 2033 4177 Gildam
2073 4121 2234 4195 justo
2281 4119 2413 4196 plus
2467 4118 2624 4177 vitu-

396 4223 623 4280 perare,
670 4223 807 4262 nam
839 4210 1070 4264 constat
1107 4205 1316 4265 iisdem
1340 4205 1727 4282 temporibus
1776 4213 1835 4266 et
1880 4209 2076 4286 paullo
2122 4212 2260 4284 post
2303 4207 2518 4267 multas
2562 4207 2627 4266 in

394 4292 712 4352 Britannia
741 4291 919 4352 fuisse
952 4294 1196 4367 scholas,
1227 4295 1446 4353 multos
1477 4295 1745 4372 egregios
1777 4297 2063 4369 doctores,
2094 4297 2311 4355 multos
2340 4315 2623 4356 veneran-

397 4382 504 4441 dos
551 4382 857 4460 episcopos
901 4388 972 4442 ut
1015 4383 1326 4442 Danielem
1370 4382 1801 4444 Bancorensem
1857 4386 1927 4461 (†
1975 4385 2116 4468 584,
2147 4385 2227 4443 H.
2274 4386 2391 4445 and
2438 4385 2529 4448 St.
2572 4387 2625 4462 I,
