3259 5084
1512 274 1593 283 -
1691 234 1949 331 98·—

792 416 987 489 Haec‚
1046 418 1109 478 in
1170 437 1349 492 quam
1410 416 1654 479 adducti
1700 436 1925 485 sumus,
1987 414 2062 473 de
2107 413 2397 473 Columba
2454 420 2516 480 et
2561 412 2634 471 de
2681 412 2860 473 sociis

614 509 743 582 ejus
788 506 1107 578 sententia,
1155 506 1341 583 ipsius
1388 504 1714 563 Columbae
1761 504 1960 563 verbis
2006 503 2237 575 nititur,
2281 504 2476 581 ipsum
2523 501 2856 561 audivimus
2951 558 2956 563 .

614 597 957 672 loquentem
990 600 1080 655 ,et
1135 593 1208 652 de
1264 594 1363 667 iis,
1424 594 1640 669 quibus
1687 592 2078 652 dissentiebat
2125 612 2160 651 a
2205 590 2494 651 Romanis
2541 596 2602 649 et
2646 591 2719 649 de
2764 591 2856 661 iis,

615 684 833 760 quibus
879 684 1303 743 consentiebat.
1376 682 1451 740 In
1498 682 1591 740 his
1621 702 1754 740 eum
1786 682 1868 739 nil
1889 680 2136 745 ‚obscuri
2163 680 2437 739 relietum
2469 686 2639 752 esset,
2685 678 2857 754 nobis

616 792 735 832 non
790 791 938 849 opus
992 778 1146 831 esset
1190 771 1579 849 perscrutari,
1640 790 1780 828 num
1824 770 2026 847 plures
2071 768 2456 827 dissensionis
2503 788 2714 827 causae
2759 788 2856 827 oc-

620 866 945 932 currerent,
992 861 1043 919 si
1082 861 1371 937 neglectis
1400 860 1589 937 ipsius
1621 859 1947 918 Columbae
1979 858 2178 917 verbis
2209 879 2282 916 ex
2310 857 2400 930 iis,
2448 876 2600 933 quae
2631 856 2706 915 de
2737 857 2860 915 vita

618 952 745 1025 ejus
800 955 862 1007 et
917 938 1211 1008 sociorum
1257 948 1573 1007 memoriae
1618 947 1860 1025 prodita
1907 953 2074 1017 sunt,
2135 966 2487 1005 conaremur
2533 946 2858 1017 enucleare,

618 1058 771 1115 quae
810 1036 1062 1097 fuissent
1091 1036 1402 1097 Scotorum
1433 1036 1698 1116 propria,
1743 1035 1858 1095 nisi
1889 1034 2200 1095 Ebrardus
2229 1034 2574 1094 circuitione
2605 1033 2862 1110 quadam

620 1148 693 1189 ex
738 1127 857 1185 illis
902 1126 1050 1203 ipsis
1094 1126 1237 1185 vitis
1282 1146 1471 1204 paene
1518 1125 1718 1184 omnia
1765 1146 1872 1183 sua
1918 1124 2185 1183 duxisset
2230 1129 2598 1200 argumenta.

796 1216 933 1276 Non
977 1234 1120 1274 vero
1165 1234 1358 1273 meum
1403 1214 1614 1291 putavi
1658 1213 1966 1272 verbosius
2011 1214 2416 1273 demonstrare
2459 1213 2673 1271 falsum
2721 1231 2864 1285 esse,

621 1303 782 1381 quod
824 1302 1133 1363 Ebrardus
1188 1304 1304 1363 sibi
1356 1302 1531 1362 finxit
1576 1304 1659 1379 (p.
1711 1304 1740 1360 1
1757 1303 1921 1361 18-
1937 1302 2114 1377 132):
2171 1302 2380 1361 Scotos
2423 1301 2490 1359 in
2535 1299 2865 1359 continenti

620 1391 1073 1472 peregrinantes
1126 1412 1318 1469 neque
1372 1392 1594 1451 sanctis
1649 1412 1840 1470 neque
1894 1410 2095 1449 eorum
2149 1390 2420 1467 reliquiis
2475 1390 2700 1448 cultum
2755 1389 2864 1448 tri-

621 1481 834 1543 buisse.
910 1482 1091 1553 Nam,
1140 1480 1244 1557 qui
1288 1501 1407 1540 non
1452 1480 1740 1539 concedat
1784 1479 2135 1539 Columbam
2183 1485 2246 1537 et
2288 1478 2496 1555 socios,
2543 1498 2707 1555 quos.
2737 1499 2866 1538 arc-

622 1568 869 1631 tissimis
902 1570 1299 1629 consensionis
1331 1569 1583 1628 vinculis
1614 1589 1744 1627 cum
1779 1568 1915 1627 sede
1947 1568 2276 1646 apostolica
2308 1570 2654 1644 conjunctos
2685 1568 2868 1627 fuisse

622 1658 903 1731 vidimus,
964 1659 1127 1716 nullo
1181 1666 1358 1735 pacto
1413 1658 1678 1735 potuisse
1733 1657 2050 1717 dissentire
2106 1657 2179 1715 de
2224 1657 2330 1715 illa
2375 1676 2464 1729 re,
2526 1676 2678 1733 quae
2725 1662 2870 1715 tunc

622 1767 811 1826 paene
857 1767 1085 1805 summa
1132 1752 1263 1805 erat
1307 1746 1612 1824 religionis
1660 1746 2043 1819 christianae,
2097 1766 2230 1803 eum
2278 1745 2457 1803 etiam
2503 1744 2868 1821 gravissimis

624 1836 989 1912 argumentis
1034 1835 1263 1895 revinci
1305 1856 1478 1913 posse
1518 1838 1646 1911 jam
1691 1836 2022 1913 desperavi.
2096 1834 2288 1893 Immo
2335 1832 2539 1893 credat
2575 1833 2870 1907 EbrardO,

624 1925 963 2002 ubicunque
1020 1924 1244 1984 mentio
1298 1924 1407 1983 fiat
1452 1929 1790 1984 sanctorum
1839 1929 1904 1983 et
1943 1923 2333 2001 reliquiarum
2381 1923 2562 1983 etiam
2607 1922 2673 1981 in
2718 1923 2870 1983 anti-

628 2013 925 2090 quissimis
993 2013 1136 2073 vitis
1196 2033 1423 2086 eorum,
1486 2013 1702 2089 quibus
1764 2013 1895 2071 cum
1957 2012 2248 2071 Columba
2309 2018 2440 2071 erat
2498 2012 2870 2071 necessitudo

628 2104 703 2175 (e.
747 2122 804 2178 g.
849 2102 1061 2173 Jonas,
1106 2101 1213 2160 vit.
1256 2102 1381 2161 Col.
1432 2102 1515 2159 44
1562 2102 1720 2162 Mab.
1753 2101 1840 2173 ΙΙ,
1887 2122 2024 2159 ann.
2062 2100 2208 2173 615,
2253 2122 2311 2179 p.
2347 2101 2462 2173 22;
2509 2100 2718 2173 Jonas,
2765 2101 2870 2159 vit.

626 2187 823 2253 Attal.
883 2189 920 2247 5
977 2190 1057 2247 ib.
1114 2211 1251 2249 ann.
1308 2191 1454 2263 627,
1516 2212 1577 2268 Ρ.
1634 2190 1784 2262 125;
1845 2190 2064 2261 Jonas,
2121 2189 2228 2249 vit.
2275 2189 2650 2265 Burgundof.
2699 2191 2734 2247 6
2790 2190 2873 2249 ib.

626 2297 763 2341 ann.
799 2278 945 2350 665,
976 2299 1037 2355 p.
1076 2278 1217 2351 142,
1262 2279 1333 2337 cf.
1366 2276 1686 2339 interventu
1694 2276 1864 2361 filiae
1893 2280 1974 2338 ib.
2015 2279 2112 2351 10,
2143 2299 2204 2355 p.
2238 2278 2398 2351 4433
2446 2278 2550 2337 vit.
2583 2278 2874 2337 Wandre-

626 2367 735 2443 gis.
780 2367 965 2445 prior.
1016 2367 1113 2439 13,
1159 2367 1240 2426 ib.
1286 2370 1432 2440 667,
1480 2388 1537 2444 p.
1573 2367 1700 2425 530
1722 2367 1766 2441 1,
1809 2368 2068 2445 denique
2117 2367 2369 2445 [omissis
2417 2367 2526 2426 vit.
2571 2366 2876 2425 Romarici

632 2456 669 2513 3
717 2456 798 2515 ib.
854 2476 989 2515 ann.
1041 2456 1194 2535 653,
1256 2478 1316 2535 p.
1364 2456 1519 2529 4173
1578 2457 1688 2515 vit.
1732 2455 2022 2535 Adelphii
2079 2459 2113 2514 7
2171 2455 2252 2515 ib.
2302 2456 2455 2529 603;
2512 2456 2615 2515 vit.
2660 2454 2875 2515 Amati

632 2545 713 2601 29
748 2545 830 2605 ib.
863 2565 999 2602 ann.
1034 2546 1181 2617 627,
1228 2568 1286 2623 p.
1324 2545 1466 2618 135,
1516 2545 1742 2627 quippe
1788 2565 1940 2622 quae
1981 2544 2248 2621 juniores
2287 2544 2430 2623 sint]
2463 2565 2536 2603 ex
2563 2544 2672 2603 vit.
2704 2542 2874 2603 Sala·

628 2633 865 2711 bergae,
912 2638 974 2691 et
1018 2633 1151 2711 ipsa
1198 2640 1399 2694 aetate
1445 2636 1775 2711 posteriore
1825 2636 1920 2713 [cf.
1951 2634 2278 2710 Biidinger‚
2325 2632 2874 2710 Sitzungsberiohte

629 2721 736 2781 der
789 2721 1036 2780 Wiener
1096 2722 1423 2781 Academie
1480 2722 1748 2797 XXIII,
1809 2722 2120 2801 hist-phil.
2177 2723 2284 2783 Kl.
2345 2723 2722 2801 372—383]
2769 2722 2876 2783 sed

632 2898 763 2949 sunt
814 2895 1115 2961 (translata
1160 2912 1192 2947 a
1231 2893 1332 2949 Dr.
1374 2894 1538 2947 Todd
1586 2896 1739 2963 apud
1774 2895 2078 2961 Scrivemr,
2118 2896 2172 2949 A
2197 2895 2359 2963 plain
2403 2895 2768 2951 introduction
2816 2895 2863 2947 lo

632 2966 717 3019 the
744 2964 1023 3019 Criticism
1048 2970 1155 3019 etc.
1196 2982 1303 3019 sec.
1330 2966 1416 3019 ed.
1448 2966 1601 3020 1874.
1643 2984 1698 3035 p.
1741 2964 1868 3035 157)
1909 2966 2017 3020 hoo
2054 2966 2250 3019 modo:

852 3064 927 3117 To
957 3080 1027 3133 ,qo
1064 3065 1115 3117 to
1154 3062 1341 3127 Rome,
1382 3066 1435 3117 to
1466 3080 1537 3133 9⁰
1572 3066 1624 3116 to
1663 3064 1849 3129 Rome,

850 3134 1021 3188 Much
1058 3134 1129 3201 of
1156 3134 1373 3200 trouble,
1412 3133 1549 3188 little
1586 3135 1654 3201 of
1671 3135 1856 3202 profit,

853 3205 960 3259 The
997 3204 1126 3274 kiny
1164 3204 1291 3258 thou
1329 3205 1526 3259 scekest
1560 3205 1698 3270 here,

850 3274 921 3343 If
951 3276 1079 3329 thou
1114 3276 1271 3346 brim
1296 3276 1437 3330 Him
1472 3279 1567 3330 ‘not
1600 3276 1732 3331 with
1770 3277 1900 3343 thee,
1943 3278 2072 3331 thou
2103 3278 2301 3346 findest
2335 3281 2447 3333 not.

852 3382 1025 3435 Great
1054 3381 1207 3451 folly,
1244 3386 1401 3451 yreat
1433 3384 1700 3448 madneSS,

852 3452 1026 3506 Great
1058 3453 1193 3507 rain
1228 3453 1295 3520 of
1318 3470 1486 3519 sense,
1521 3458 1680 3523 great
1715 3454 1977 3524 insanity,

850 3522 1009 3577 Since
1047 3523 1176 3577 thou
1213 3524 1339 3578 hast
1374 3528 1454 3579 set
1488 3528 1585 3579 out
1615 3525 1712 3593 for
1751 3526 1836 3578 the
1871 3526 1996 3579 sake
2033 3524 2102 3593 of
2125 3527 2288 3597 ,qoiny
2326 3531 2378 3583 to
2415 3526 2588 3591 death,
2738 3555 2742 3559 »

857 3593 999 3648 Thac
1035 3593 1163 3647 thou
1203 3595 1472 3651 shouldest
1506 3596 1563 3649 be
1598 3596 1662 3649 in
1699 3596 2054 3651 disobedience
2090 3600 2143 3651 to
2181 3598 2267 3661 the
2301 3597 2414 3653 Son
2451 3598 2518 3667 of
2547 3596 2735 3666 Mary.

640 3691 955 3761 Compositi
981 3696 1111 3745 sunt
1134 3692 1195 3745 hi
1221 3709 1431 3757 versus,
1474 3697 1537 3745 ut
1559 3696 1784 3761 putant,
1824 3693 1886 3747 in
1908 3696 2247 3750 monasterio
2274 3695 2647 3765 Sangallensi,
2687 3694 2885 3763 itaque

639 3763 712 3817 ad
765 3763 1217 3833 cognoscendum
1268 3763 1753 3835 peregrinantium
1804 3763 2100 3819 Scotorum
2153 3767 2402 3820 animum
2451 3765 2645 3837 magni
2696 3768 2888 3819 essent

638 3833 928 3898 momenti,
971 3834 1019 3886 si
1057 3834 1343 3900 sciremus,
1384 3852 1417 3889 a
1456 3852 1701 3904 quonam
1727 3836 1879 3889 facta
1905 3842 2107 3903 essent,
2149 3842 2208 3891 et
2235 3856 2343 3907 qua
2369 3838 2442 3891 de
2469 3834 2652 3891 causa.
2718 3836 2886 3891 Nunc

640 3923 769 3959 011111
806 3905 939 3973 quia
974 3905 1157 3959 multo
1194 3910 1328 3975 post
1364 3907 1738 3975 compositam
1777 3909 2220 3962 controversiam
2257 3908 2542 3977 concripti
2579 3912 2726 3972 sunt,
2765 3912 2890 3961 tum

639 3977 771 4047 quia
806 3994 973 4042 nemo
1014 3976 1145 4041 soit,
1187 3995 1321 4030 num
1359 3978 1596 4031 fortasse
1633 3977 1697 4043 is,
1737 3978 1836 4047 qui
1875 3996 1970 4033 eos
2007 3980 2246 4049 pepigit,
2287 3998 2388 4033 sua
2424 3980 2608 4050 ipsius
2641 3978 2890 4049 quadam

640 4066 807 4103 causa
827 4048 885 4100 in
907 4047 1191 4101 Romanos
1219 4048 1395 4099 fuerit
1419 4048 1702 4115 incitatus,
1731 4052 2210 4104 commemorandi
2239 4055 2384 4117 sunt,
2413 4052 2514 4105 sed
2539 4048 2892 4121 neglegendi

638 4120 701 4180 in
740 4119 1099 4186 explananda
1137 4120 1259 4187 ipsa
1296 4135 1375 4171 re.
1775 4142 1794 4165 ‹-

788 4190 807 4220 ¹
849 4188 1013 4242 Nova
1050 4190 1201 4243 illius
1241 4189 1392 4242 vitae
1432 4191 1609 4247 editio
1650 4195 1833 4246 exstat
1857 4194 1914 4245 in
1941 4191 2150 4259 Arndt,
2191 4192 2388 4248 Kleine
2413 4192 2749 4247 Denkmciler
2783 4206 2892 4245 aus

641 4260 737 4333 der
774 4260 1251 4328 Merowinyerzeit.
1302 4263 1467 4327 1875,
1510 4262 1608 4315 sed
1647 4263 1957 4331 simplicius
1997 4267 2087 4317 est
2123 4264 2297 4319 etiam
2334 4264 2501 4335 hujus
2540 4265 2692 4319 vitae
2730 4262 2892 4316 locos

640 4336 901 4399 repetere
940 4348 1006 4384 ex
1044 4330 1365 4386 Mabilionis
1405 4334 1674 4390 editione.
