3259 5084
1533 253 1969 318 -14--

637 461 696 516 p.
749 439 914 514 143),
975 437 1275 498 Davidum
1331 438 1765 498 Meneviensem
1827 441 1897 516 (†
1945 441 2089 498 601.
2152 438 2231 498 Η.
2278 437 2399 498 and
2442 435 2528 498 St.
2591 460 2646 516 p.
2700 435 2867 516 144),

637 528 990 587 Dubricium
1035 527 1482 587 Landavensem
1531 529 1599 606 (†
1634 530 1759 586 612
1807 528 1887 586 Η.
1935 530 2049 587 and
2096 527 2184 587 St.
2232 528 2283 602 I,
2328 549 2384 606 p.
2440 530 2606 605 146),
2655 529 2869 589 Kenti·

637 637 882 693 gernum
930 615 1386 676 Glascovensem
1433 618 1503 693 (†
1546 618 1690 675 612.
1738 617 1816 675 Η.
1851 617 1967 676 and
1999 617 2087 676 St.
2134 617 2220 691 II,
2258 620 2309 675 1.
2358 640 2414 697 p.
2464 619 2521 676 4.
2554 619 2626 676 cf.
2674 617 2867 677 Skene

637 704 722 778 II,
771 728 826 784 p.
880 707 1270 782 leo-198),
1316 706 1658 782 Asaphum,
1717 707 2072 784 Kentigerni
2120 707 2341 766 socium
2402 727 2471 766 ac
2516 707 2867 785 discipulum

637 795 742 871 (H.
790 796 907 854 and
953 795 1040 856 St.
1092 795 1140 868 Ι,
1187 816 1242 872 p.
1292 795 1460 872 144),
1509 795 1580 852 de
1629 796 1843 870 quibus
1888 796 2159 855 omnibus
2203 798 2361 854 fama
2408 797 2720 875 permulta,
2766 817 2868 854 an-

636 885 800 943 nales
847 885 930 941 nil
986 885 1101 942 nisi
1157 884 1396 942 nomina
1449 883 1767 942 memoriae
1826 885 2245 962 prodiderunt,
2308 921 2392 932 -·—-
2453 906 2681 944 necnon
2742 885 2869 962 ipse

641 971 850 1032 Gildas
895 976 971 1031 ab
1017 974 1093 1032 iis
1138 973 1372 1032 veniam
1418 974 1576 1050 petit
1606 975 1723 1050 (ep.
1754 974 1789 1050 ᾖ
1825 975 1925 1046 65,
1956 997 2012 1051 p.
2049 977 2083 1031 7
2093 976 2175 1051 2),
2222 995 2471 1050 quorum
2519 975 2704 1035 vitam
2751 994 2869 1033 non

637 1063 826 1120 solum
859 1083 920 1121 se
953 1063 1194 1123 laudare
1225 1062 1328 1121 sed
1375 1063 1552 1121 etiam
1586 1063 1811 1121 cunetis
1857 1064 2061 1122 mundi
2108 1063 2317 1142 opibus
2362 1066 2663 1142 praeferre
2708 1063 2867 1122 affir-

633 1159 758 1210 mat
805 1153 902 1227 (cf.
951 1173 1041 1230 ep.
1087 1153 1122 1229 g
1172 1153 1273 1222 69,
1319 1172 1375 1229 p.
1427 1154 1551 1224 76),
1614 1153 1809 1229 ipsum
1870 1153 2121 1229 denique
2168 1151 2409 1212 Gildam
2464 1153 2685 1232 scripta
2741 1157 2869 1228 ejus

635 1241 1024 1318 comprobant-
1067 1241 1247 1300 fuisse
1293 1241 1486 1299 virum
1532 1262 1757 1300 summa
1803 1242 2189 1302 admiratione
2236 1243 2511 1319 dignum,
2574 1242 2867 1301 eruditum

634 1350 744 1407 pro
789 1330 910 1390 suis
957 1331 1338 1407 temporibus,
1384 1330 1676 1406 insignem
1729 1330 1889 1390 vitae
1956 1331 2319 1408 integritate,
2368 1332 2678 1392 amabilem
2730 1351 2867 1408 pro-

634 1425 772 1496 pter
815 1440 1072 1478 amorem
1121 1439 1262 1496 erga
1307 1427 1542 1496 gentem
1591 1439 1773 1492 suam,
1822 1420 2041 1499 quippe
2090 1421 2194 1497 qui
2232 1423 2449 1480 fratres
2478 1420 2769 1480 amaverit
2800 1427 2869 1478 ut

639 1507 832 1566 Moses
880 1509 1094 1585 (Exod.
1129 1510 1230 1581 32,
1263 1509 1300 1566 3
1349 1509 1420 1568 cf.
1469 1530 1560 1585 ep.
1607 1509 1777 1586 ξ69,
1824 1529 1882 1586 p.
1920 1511 2027 1587 78)
2074 1502 2251 1570 immo
2298 1531 2485 1587 paene
2530 1518 2601 1568 ut
2643 1509 2867 1568 Paulus

634 1598 936 1673 apostolus
983 1598 1180 1673 (Rom.
1226 1599 1282 1669 9,
1317 1599 1354 1655 3
1405 1599 1613 1674 ef..ep.
1662 1599 1699 1675 ἓ
1748 1599 1846 1671 64,
1894 1620 1950 1676 Ρ.
2001 1601 2126 1675 71).
2217 1599 2613 1661 Nihilominus
2660 1620 2733 1656 ex
2774 1598 2867 1669 iis,

635 1705 786 1762 quae
848 1685 1057 1746 Gildas
1106 1683 1298 1769 flebili
1353 1705 1647 1757 sermone,
1707 1693 1776 1746 ut
1822 1688 1907 1746 ait
1952 1687 2117 1747 Beda
2179 1690 2259 1765 (h.
2306 1709 2354 1746 e.
2411 1690 2462 1760 1,
2507 1690 2608 1760 22,
2652 1689 2688 1766 ξ
2740 1685 2865 1764 50),

635 1782 871 1835 enarrat
902 1775 1176 1852 cognosci
1214 1781 1412 1852 potest
1440 1775 1761 1834 Britonum
1806 1777 2109 1836 ecclesiam
2155 1779 2315 1838 illius
2361 1779 2575 1838 aetatis
2622 1776 2865 1848 eandem

632 1864 838 1937 fuisse,
903 1886 1052 1942 quae
1099 1871 1274 1924 antea
1321 1870 1448 1923 erat
1492 1866 1553 1923 in
1599 1865 1943 1940 Britannia,
2005 1867 2252 1928 eandem
2296 1869 2401 1927 sed
2445 1873 2864 1936 senescentem,

632 1963 1026 2013 senescentem
1097 1955 1301 2012 eodem
1375 1955 1548 2012 modo
1617 1963 1797 2032 atque
1864 1956 1927 2014 in
1988 1957 2256 2016 omnibus
2316 1956 2573 2016 Romani
2631 1955 2866 2033 imperii

630 2043 950 2121 provinciis
1013 2047 1245 2102 constat
1297 2043 1556 2102 senuisse
1611 2063 1744 2102 cum
1798 2043 2045 2123 imperio
2110 2047 2410 2119 ecclesias,
2475 2081 2557 2092 --
2620 2045 2865 2104 eandem

632 2151 751 2188 non
798 2153 1008 2192 novam
1055 2133 1149 2192 vel
1194 2139 1557 2192 renovatam.
1652 2132 1826 2206 Quod
1872 2154 2001 2192 eum
2050 2143 2248 2212 neget,
2301 2135 2479 2194 immo
2526 2155 2657 2194 cum
2704 2133 2865 2192 dicat

631 2221 933 2279 eeclesiam
986 2221 1302 2280 Brito'num
1357 2219 1570 2280 Gildae
1627 2223 1995 2300 temporibus
2049 2223 2135 2282 ita
2192 2224 2484 2297 floruisse,
2552 2230 2622 2282 ut
2671 2224 2865 2282 facere

631 2330 748 2367 non
793 2311 1098 2388 possimus,
1147 2311 1290 2387 quin
1331 2316 1707 2369 externorum
1754 2332 1865 2388 ope
1912 2333 2076 2370 sacra
2121 2313 2185 2371 in
2223 2312 2541 2372 Britannia.
2584 2313 2865 2371 restituta

632 2419 756 2458 esse
800 2405 1092 2477 putemus,
1141 2399 1468 2459 Schoellius
1514 2402 1596 2478 (p.
1632 2401 1741 2476 20)
1788 2421 1823 2458 a
1869 2422 2010 2460 vero
2057 2402 2265 2462 saltem
2312 2423 2345 2460 a
2394 2407 2553 2462 certo
2600 2401 2859 2479 paullum

635 2488 938 2548 aberrasse
985 2489 1128 2547 mihi
1174 2489 1424 2549 videtur.

808 2578 1030 2654 Negari
1063 2598 1200 2638 vero
1249 2599 1364 2636 non
1410 2582 1609 2655 potest
1655 2579 1957 2638 ecclesiam
2004 2579 2161 2638 illius
2194 2581 2421 2654 aetatis,
2458 2615 2537 2626 -
2574 2585 2861 2656 quantum

631 2687 704 2724 ex
735 2665 948 2725 Gildae
995 2667 1232 2746 seriptis
1277 2667 1416 2727 licet
1461 2687 1811 2744 cognoscere
1846 2704 1928 2714 --
1962 2675 2022 2728 et
2052 2691 2124 2727 ex
2156 2669 2375 2728 arianis
2420 2669 2863 2749 pelagianisque

631 2755 1178 2832 perturbationibus
1225 2762 1285 2815 et
1328 2777 1404 2814 ex
1450 2777 1544 2829 ea,
1593 2777 1745 2832 quae
1792 2757 2154 2818 invasionem
2202 2758 2502 2818 Saxonum
2548 2760 2865 2818 subsecuta

632 2850 776 2916 erat,
823 2844 1060 2902 miseria
1089 2865 1151 2902 se
1183 2845 1555 2904 recreavisse.
1616 2846 1770 2904 Nam
1801 2847 1952 2905 bene
1983 2847 2257 2907 ordinata
2285 2846 2615 2907 invenimus
2649 2847 2862 2906 omnia.

629 2932 976 2991 Invenimus
1024 2933 1367 2992 clericorum
1415 2953 1691 3009 magnum
1740 2954 2045 2994 numerum
2092 2940 2209 3013 (ep.
2240 2937 2276 3014 ἓ
2312 2938 2412 3009 66,
2444 2959 2501 3015 Ρ.
2538 2937 2664 3012 72),
2712 2936 2863 3014 epis-

631 3042 806 3100 copos
853 3022 1172 3080 honoribus
1219 3027 1279 3082 et
1325 3022 1550 3082 divitiis
1597 3029 1835 3082 ornatos
1882 3024 1986 3100 (ib.
2032 3026 2067 3102 ξ
2120 3025 2262 3099 108,
2309 3047 2367 3102 Ρ.
2407 3025 2576 3101 114),
2621 3045 2862 3082 munere

629 3111 1030 3188 apostolorum
1093 3111 1408 3189 praecipue
1467 3111 1669 3184 Petri,
1740 3109 2099 3174 claviculam·
2147 3110 2303 3173 illius
2356 3111 2643 3174 coelorum
2700 3110 2868 3193 reym'

628 3197 825 3260 idonei
869 3201 972 3277 (ib.
1019 3202 1054 3278 g
1105 3201 1204 3273 73,
1254 3222 1310 3278 Ρ.
1359 3201 1468 3280 82)
1516 3205 1801 3276 tanquam
1846 3222 2207 3262 successores
2254 3206 2377 3279 ejus
2425 3206 2539 3282 (ep.
2589 3203 2626 3279 ἓ
2662 3205 2741 3260 66
2774 3222 2861 3278 sq.

627 3311 683 3365 p.
735 3291 815 3347 72
865 3292 1017 3366 sqq.)
1063 3291 1406 3366 fungentes,
1453 3290 1707 3367 synodos
1754 3299 2181 3368 congregantes
2228 3293 2327 3367 (cf.
2372 3292 2571 3368 infra),
2620 3292 2860 3368 presby-

631 3385 788 3436 teros
835 3379 951 3455 (ep.
999 3379 1032 3456 ἓ
1083 3381 1182 3451 69,
1229 3401 1286 3456 Ρ.
1337 3381 1464 3455 76),
1527 3393 1645 3438 non
1701 3380 1889 3438 solum
1944 3401 2239 3440 summum
2284 3381 2385 3440 sed
2429 3377 2729 3461 quemlibet
2772 3399 2857 3440 ec-

633 3463 1012 3526 clesiasticum
1055 3467 1314 3546 ssadum
1345 3470 1460 3546 (ep.
1495 3469 1529 3544 ἓ
1569 3471 1648 3526 66
1675 3491 1733 3546 Ρ.
1770 3470 1878 3544 74)
1910 3489 1979 3527 ac
2026 3477 2217 3528 certos
2264 3470 2657 3546 definitosque
2704 3468 2858 3528 ordi-

628 3555 887 3614 nationis
918 3555 1069 3614 ritus
1103 3559 1218 3634 (ep.
1250 3558 1284 3634 ἓ
1323 3558 1443 3615 106
1479 3577 1564 3632 sq.
1597 3579 1655 3635 p.
1696 3559 1813 3616 111
1852 3561 2039 3634 sqq.);
2080 3559 2409 3619 invenimus
2442 3566 2501 3617 et
2531 3558 2861 3630 monachOS,

632 3651 901 3702 votorum
951 3644 1200 3703 vinculis
1246 3646 1562 3705 obstrictos
1609 3648 1725 3722 (ep.
1776 3647 1809 3722 ξ
1860 3647 1961 3719 35,
2009 3669 2066 3724 p.
2115 3648 2225 3724 45)
2272 3669 2462 3724 neque
2522 3647 2863 3724 ignoramus

627 3753 899 3811 prorsus,
963 3753 1250 3809 quaenam
1311 3735 1536 3793 fuerint
1595 3734 1699 3792 illa
1760 3741 1916 3794 vota.
2007 3737 2157 3796 Nam
2208 3758 2340 3796 cum
2386 3743 2673 3815 appareat
2727 3743 2863 3814 post

628 3823 897 3881 monachi
944 3829 1145 3882 votum
1193 3822 1337 3900 quin
1384 3823 1562 3882 etiam
1609 3831 1751 3902 post,
1808 3821 2082 3884 monachi
2122 3834 2315 3886 votum
2359 3824 2592 3884 ivn-vitum
2636 3823 2862 3884 illicitas

627 3911 806 3971 fuisse
853 3913 1092 3990 nuptias
1137 3914 1199 3989 (l.
1249 3916 1338 3990 e.),
1387 3933 1516 3971 eum
1565 3922 1838 3972 occurrat
1882 3915 2100 3972 femina
2145 3917 2460 3991 quaedam,
2520 3936 2671 3992 quae
2716 3933 2859 3993 per-

619 4009 862 4080 petuam
905 4001 1010 4062 deo
1064 4000 1357 4061 viduitatis
1409 3999 1814 4060 castimoniam
1866 4003 2223 4084 promiserat
2267 4007 2382 4082 (ep.
2430 4006 2465 4082 ξ
2515 4007 2598 4062 32
2644 4027 2701 4083 Ρ.
2750 4004 2860 4079 41)

625 4091 687 4149 id
735 4091 974 4168 quidem
1021 4097 1245 4149 certum
1293 4096 1406 4164 est,
1455 4091 1610 4167 quod
1658 4090 1815 4149 inter
1860 4100 2001 4151 vota
2045 4094 2463 4152 monachorum
2509 4115 2627 4152 non
2674 4093 2863 4152 defuit

627 4188 845 4253 votum,
895 4181 1054 4258 quod
1099 4180 1320 4237 dictum
1365 4186 1456 4238 est
1500 4181 1663 4238 sinus
1708 4180 1745 4241 i.
1794 4203 1841 4239 e.
1888 4180 2284 4258 virginitatis,·
2318 4183 2377 4240 in
2429 4204 2546 4260 qua
2590 4203 2858 4262 perman·

627 4269 768 4328 sisse
823 4271 870 4330 J
871 4270 1146 4328 eremiam
1206 4268 1556 4347 prophetam
1623 4268 1863 4343 Gildas,
1948 4290 2078 4328 cum
2140 4273 2405 4349 loquitur
2464 4273 2537 4330 de
2596 4274 2643 4333 J
2644 4271 2860 4342 eremia

629 4359 742 4434 (ep.
775 4360 810 4435 ξ
843 4360 945 4430 80,
985 4379 1042 4435 p.
1077 4359 1203 4434 89),
1235 4377 1689 4418 commemorare
1736 4379 1851 4418 non
1899 4359 2113 4418 omisit.
