3259 5084
1490 234 1978 293 —120-

620 415 711 473 De
759 431 893 485 qua,
946 430 1073 469 cum
1121 412 1244 481 ipse
1290 410 1381 466 vir
1428 409 1784 465 venerandus
1829 410 2100 481 loquendi
2143 413 2487 479 potestatem
2533 409 2672 465 mihi
2719 428 2851 469 con·

624 485 877 551 cesserit,
915 486 1160 539 lectores
1197 483 1438 538 edocere
1474 481 1616 536 mihi
1653 480 1838 538 liceat.

764 557 927 613 Sicut
972 556 1215 610 vidimus
1272 553 1570 608 ecclesiam
1619 552 1920 608 Scotorum
1975 553 2206 608 ineunte
2256 552 2478 608 saeculo
2513 555 2728 625 quinto
2778 559 2848 613 ab

619 630 863 686 ecclesia
909 627 1189 683 catholica
1235 625 1461 680 omnino
1499 624 1784 679 diversam
1819 640 1934 679 non
1971 624 2173 691 fuisse,
2224 629 2424 695 postea
2459 631 2674 692 autem,
2725 644 2850 683 cum

620 704 841 756 remota
877 716 912 753 a
948 697 1287 753 commercio
1326 714 1454 751 cum
1490 696 1616 750 aliis
1655 696 1929 751 ecclesiae
1953 696 2212 765 partibus
2239 700 2299 751 et
2321 698 2665 764 retinuisset,
2707 715 2851 768 quae

619 772 759 828 alibi
795 770 1173 834 mutabantur,
1214 770 1274 823 et
1307 771 1579 823 mutasset
1615 767 1727 822 alia
1761 785 1943 838 pauca
1977 784 2082 838 pro
2121 786 2220 823 sua
2252 768 2430 837 ipsius
2453 773 2674 834 natura,
2713 770 2852 827 levi·

620 843 809 900 oribus
846 842 1189 905 dissensisse,
1230 840 1312 893 ita
1349 839 1521 896 etiam
1558 856 1649 898 ars
1674 838 1972 895 Scotorum
1997 838 2161 893 initio
2188 840 2387 895 eadem
2412 838 2584 896 fuisse
2606 840 2849 908 videtur,

622 932 789 985 quam
838 913 983 967 aliae
1031 927 1253 983 quoque
1298 913 1499 979 gentes
1536 928 1569 966 a
1606 910 1879 965 Romanis
1919 911 2258 966 didicerunt.
2335 910 2450 966 Sed
2487 929 2617 967 cum
2653 918 2852 982 postea

620 984 1025 1043 consuetudine
1073 982 1393 1038 intermissa
1430 982 1702 1051 exemplis
1741 985 1799 1035 et
1834 982 2120 1051 magistris
2158 987 2441 1048 carerent,
2483 983 2606 1053 ,filis
2643 985 2756 1040 suis
2794 989 2854 1041 et

619 1058 731 1128 ipsi
758 1056 916 1112 Scoti
956 1059 1015 1109 et
1049 1056 1302 1123 ipsorum
1338 1052 1597 1123 picturae
1635 1052 2087 1109 involvebantur.
2153 1054 2260 1109 Oui
2283 1054 2369 1109 rei
2393 1054 2722 1111 testimonio
2747 1062 2848 1123 est,

619 1129 772 1199 quod
796 1127 1187 1182 Hibernorum
1209 1124 1440 1179 tabulae
1464 1126 1726 1191 minores,
1768 1142 1879 1194 quo
1905 1126 2255 1197 antiquiores
2281 1131 2428 1191 sunt,
2467 1144 2534 1182 eo
2553 1126 2851 1185 similiores

618 1202 706 1266 iis,
747 1200 844 1269 qui
881 1198 940 1252 in
978 1198 1103 1252 aliis
1128 1196 1579 1251 occidentalium
1616 1196 1908 1252 codicibus
1933 1196 2310 1262 inveniuntur,
2353 1214 2463 1266 quo
2489 1199 2851 1265 recentiores,

618 1290 685 1329 eo
720 1270 901 1339 magis
926 1270 1252 1337 discrepant
1275 1284 1402 1322 cum
1427 1268 1570 1324 aliis.
1635 1267 1784 1323 Nam
1805 1269 2201 1335 vetustissima,
2240 1285 2384 1339 quae
2411 1273 2614 1335 exstat,
2653 1272 2855 1327 tubula

617 1344 790 1414 picta,
831 1342 1033 1396 beatae
1054 1338 1273 1395 Mariae
1309 1340 1547 1407 virginis
1573 1340 1876 1412 imaginem
1899 1340 2180 1409 praebens
2205 1340 2291 1410 (in
2316 1340 2402 1396 the
2424 1339 2575 1397 Book
2597 1340 2666 1409 of
2683 1343 2850 1408 Kella,

618 1431 763 1472 saec.
804 1411 925 1468 VII
964 1443 1032 1452 —
1070 1412 1356 1465 delineata
1400 1410 1459 1463 in
1512 1411 1620 1465 The
1665 1410 2132 1481 palaeographical
2175 1412 2336 1469 societ
2416 1413 2497 1469 ed.
2537 1412 2699 1469 Bond
2726 1414 2856 1471 ond

623 1486 927 1553 Thompson
966 1482 1103 1539 1873
1141 1500 1260 1551 sqq.
1299 1481 1347 1546 I,
1394 1481 1509 1539 tab.
1548 1482 1648 1549 573
1700 1486 1760 1537 et
1795 1482 1951 1537 varie
1983 1482 2143 1566 picta
2180 1484 2242 1537 in
2358 1485 2607 1549 estwood,
2657 1485 2852 1541 Palae-

712 1555 881 1626 aphia
925 1570 1087 1611 sacra
1124 1552 1369 1622 pictom'a
1415 1553 1571 1618 1845,
1618 1554 1736 1608 tab.
1773 1552 1868 1622 16)
1918 1557 2090 1609 etiam
2135 1554 2418 1624 quandam
2468 1572 2596 1610 cum
2646 1556 2854 1611 tabulis

712 1627 891 1683 manis
928 1625 1354 1680 similitudinem
1390 1624 1581 1689 habet,
1620 1625 1964 1681 recentiores
2001 1629 2191 1681 autem
2227 1630 2292 1681 ut
2317 1624 2716 1695 Sangallenses
2742 1628 2851 1697 (di-

618 1702 887 1769 vulgatae
945 1702 1005 1751 et
1066 1696 1384 1751 delineatae
1450 1714 1483 1749 a
1532 1696 1771 1751 Kellero
1817 1696 1854 1750 l.
1903 1697 1979 1764 o.)
2037 1700 2096 1750 et
2152 1714 2254 1752 eae
2354 1714 2460 1753 uae
2520 1702 2746 1753 exstant
2793 1699 2853 1754 in

600 1825 607 1833 ,
613 1770 934 1842 junioribus
983 1767 1271 1823 codicibus
1310 1766 1637 1823 Hibernicis
1685 1772 1751 1822 ut
1797 1769 1856 1821 in
1905 1768 1990 1823 the
2029 1769 2251 1837 Gospels
2285 1786 2318 1824 o
2381 1768 2464 1823 St.
2507 1768 2656 1825 chad
2693 1771 2850 1839 (circ.

616 1843 741 1899 700.
781 1839 903 1899 Pal.
933 1839 1058 1895 Soc.
1085 1839 1201 1893 tab.
1230 1838 1325 1905 213
1354 1838 1685 1895 Westwood
1708 1839 1825 1895 tab.
1854 1838 1965 1908 12),
2007 1840 2092 1899 the
2119 1838 2340 1909 Gospels
2363 1839 2431 1908 of
2449 1839 2581 1897 Mac
2603 1840 2850 1897 Duman

618 1918 791 2039 gaec.
833 1910 986 1967 VIII
1024 1910 1353 1965 Westwood
1388 1910 1506 1965 tab.
1547 1910 1660 1979 13),
1703 1910 1790 1965 the
1824 1910 2044 1979 Gospela
2080 1909 2150 1978 of
2168 1911 2301 1966 Mac
2325 1910 2493 2037 Βὲςοὶ
2529 1911 2687 1979 (circ.
2725 1911 2848 1967 800.

670 1985 743 2041 al.
784 1983 909 2039 Soc.
948 1982 1065 2037 tab.
1106 1984 1198 2052 913
1235 1980 1564 2039 Westwood
1600 1981 1718 2037 tab.
1757 1982 1852 2050 44)
1891 1986 2085 2037 tantae
2123 1986 2256 2037 sunt
2289 1982 2385 2036 lau
2425 1984 2446 2036 i
2483 1983 2851 2052 calligraphO,

606 2061 684 2111 .ut
727 2056 810 2111 nil
854 2054 964 2109 nisi
1010 2054 1355 2123 vituperatio
1402 2052 1604 2107 relicta
1650 2054 1725 2107 sit
1769 2052 2004 2121 pictori,
2050 2070 2234 2122 neque
2281 2054 2357 2109 sit
2399 2055 2518 2109 ulla
2563 2072 2692 2109 cum
2729 2054 2857 2109 aliis

618 2126 857 2196 picturis
892 2125 1027 2179 illis·
1047 2124 1373 2179 similitudO.
2718 2139 2724 2144 '

764 2196 994 2252 Similes
1044 2196 1221 2267 igitur
1270 2199 1401 2249 sunt
1449 2196 1508 2249 in
1558 2195 1801 2249 ecclesia
1851 2199 1911 2249 et
1947 2196 2006 2249 in
2053 2200 2178 2251 arte
2216 2195 2516 2251 Scotorum
2551 2196 2856 2253 varietates

619 2274 956 2340 temporum,
998 2268 1135 2336 quin
1172 2267 1344 2321 etiam
1382 2283 1561 2336 paene
1600 2267 1849 2321 eaedem.
1915 2265 2063 2321 Nam
2100 2267 2246 2323 sicut
2270 2268 2330 2321 in
2356 2267 2855 2335 Nordanhymbria

602 2339 865 2397 ,ecclesia
889 2337 1190 2394 Scotorum
1215 2337 1530 2393 Romanam
1554 2337 1972 2393 necessitudine
1996 2338 2208 2410 attigit,
2252 2340 2332 2393 ita
2357 2340 2416 2393 in
2441 2340 2642 2394 eadem
2669 2339 2856 2395 Nord-

615 2410 950 2481 anhymbria
972 2408 1293 2465 Romanum
1326 2409 1602 2480 pingendi
1637 2424 1816 2478 genus
1854 2427 1982 2463 cum
2007 2408 2238 2465 Scotico
2267 2413 2353 2464 est
2375 2410 2686 2476 confusum,
2726 2430 2856 2467 nam

614 2485 786 2548 liber,
836 2483 933 2552 qui
981 2482 1191 2536 dicitur
1229 2478 1569 2535 cuthberthi
1617 2481 1712 2535 vel
1750 2479 1836 2535 the
1875 2480 2098 2551 Gospels
2133 2480 2200 2549 of
2231 2480 2594 2549 Lindi-esame
2627 2483 2852 2539 litteras

604 2556 860 2627 „grandes
898 2552 1137 2623 praebet
1172 2551 1480 2617 Scotorum
1511 2551 1794 2606 scribendi
1832 2552 2058 2607 ratione
2091 2553 2274 2622 pictas
2289 2594 2302 2619 ,
2352 2554 2626 2624 imagines
2667 2559 2855 2609 autem

616 2626 1117 2697 evangelistarum,
1177 2640 1321 2692 quae
1368 2623 1637 2687 doceant,
1695 2622 1932 2679 librario
1985 2640 2115 2679 cum
2165 2624 2436 2679 Romanis
2486 2625 2660 2679 fuisse
2706 2644 2855 2681 com-

618 2693 2028 2837 merfflnliggkg?zztigafiibzrn'igaegtffigssaiztiagt
2049 2696 2253 2821 :ligura
2277 2766 2524 2821 fructum
2547 2768 2850 2837 capiamus.

608 2839 960 2903 ,Florueruut
1004 2837 1163 2893 Scoti
1213 2841 1336 2893 arte
1384 2854 1482 2892 sua
1529 2840 1762 2905 praeter
1811 2838 2016 2893 multas
2063 2838 2202 2893 alias
2249 2842 2475 2909 gentes,
2529 2856 2672 2908 quae
2710 2840 2848 2894 artis
2917 2882 2924 2889 .

612 2927 841 2981 prorsus
864 2909 1034 2963 rudes
1060 2913 1239 2975 erant,
1269 2908 1582 2963 floruerunt
1608 2907 1783 2963 etiam
1807 2908 1958 2963 bona
1978 2909 2252 2964 ecclesiae
2273 2909 2604 2965 condicione
2620 2914 2846 2978 praeter

614 2986 837 3037 ceteros
874 2996 981 3049 per
1014 2979 1249 3050 longum
1284 2983 1523 3047 tempus.
1600 2978 1980 3035 Nihilosecius
2017 2984 2283 3050 utraque,
2325 2984 2383 3034 et
2419 2997 2509 3035 ars
2549 2980 2844 3035 Scotorum

615 3057 675 3107 et
710 3050 969 3117 ecclesia,
1009 3051 1093 3105 nil
1130 3051 1243 3105 nisi
1279 3048 1453 3105 medii
1491 3052 1617 3104 aevi
1655 3054 1916 3118 tempora
1952 3052 2192 3107 redolet.
2255 3050 2424 3121 Quod
2447 3053 2496 3106 si
2518 3068 2846 3123 negaremus

614 3124 687 3179 de
724 3122 981 3189 ecclesia,
1022 3121 1284 3177 similiter
1321 3137 1634 3177 erraremus
1671 3127 1844 3191 atque
1880 3122 1950 3177 de
1989 3127 2112 3177 arte
2151 3124 2366 3178 erravit
2391 3122 2660 3179 Giraldus
2685 3123 2846 3178 Cam·

612 3194 831 3249 brensis
860 3196 929 3265 (1-
956 3211 1038 3249 ca.
1068 3193 1251 3275 1200),
1281 3210 1408 3247 cum
1434 3193 1505 3248 de
1539 3192 1711 3261 pictis
1737 3193 1948 3249 codicis
1975 3195 2268 3264 cujusdam
2294 3194 2593 3250 Hibernici
2618 3194 2849 3249 tabulis:

612 3265 768 3323 Haec
785 3264 1042 3335 equidem,
1063 3263 1247 3333 inquit
1268 3261 1695 3335 (Topographia
1713 3262 2045 3321 Hibernica.
2085 3264 2410 3323 Frankfurt.
2441 3265 2596 3323 1608.
2621 3284 2678 3336 p.
2699 3265 2849 3336 730),

610 3340 813 3405 quanto
851 3335 1194 3406 frequentius
1241 3338 1293 3389 et
1340 3333 1654 3406 diligentius
1703 3334 1920 3391 intueor
1963 3353 2168 3406 smper
2213 3338 2372 3406 quasi
2417 3337 2570 3393 novis
2605 3338 2852 3407 obstupeo

608 3423 914 3475 semperque
966 3406 1143 3477 magia
1192 3410 1351 3475 atque
1400 3406 1578 3477 magis
1626 3406 1958 3463 admiranda
2001 3408 2290 3477 maffeio,
2347 3426 2443 3465 neo
2485 3408 2696 3477 Apelles
2738 3410 2852 3478 ipse

610 3477 850 3602 εξοοιίῑίαι
872 3478 1081 3547 efficere
1125 3480 1334 3547 posset,
1390 3480 1444 3533 et
1494 3494 1666 3533 manu
1718 3495 1830 3535 mm
1875 3478 2096 3535 mortali
2143 3479 2454 3546 efformatae
2501 3495 2566 3535 ac
2613 3479 2851 3549 depictae

608 3548 825 3605 mderen
849 3565 935 3603 ur.
