3259 5084
1278 271 1366 281 ——
1465 238 1583 295 107
1679 271 1799 289 -.

398 416 718 476 abbatibus
764 422 827 473 et
872 416 1191 474 abbatissis
1223 415 1730 491 gubernabantur,
1775 422 1846 475 ut
1892 416 2078 474 abbas
2123 415 2242 474 toti
2285 417 2643 476 monasterio

396 510 699 584 praeesset
746 505 842 580 (cf.
875 504 1149 581 Loening
1178 503 1265 576 II,
1311 526 1369 581 p.
1405 504 1529 562 431
1565 510 1691 565 not.
1725 507 1762 563 2
1813 511 1875 564 et
1919 504 2025 563 vit.
2072 504 2401 575 Bercharii,
2457 506 2536 562 14
2583 511 2644 564 et

400 596 483 653 18
530 594 690 653 Mab.
720 592 812 665 II,
854 614 989 651 ann.
1025 594 1171 666 685,
1218 613 1276 669 p.
1308 593 1437 651 840
1470 600 1534 651 et
1564 594 1738 668 842).
1830 592 1950 652 Sed
1993 600 2314 669 utcumque
2360 594 2506 652 haec
2547 612 2646 651 res

398 704 460 744 se
505 684 703 755 habet,
749 682 1120 761 potissimum
1169 688 1285 753 est,
1348 682 1508 759 quod
1552 681 1916 741 monasteria
1960 681 2220 760 duplicia
2267 681 2486 741 saeculi
2533 680 2643 755 VI,

398 771 545 844 VII,
592 768 777 831 VIIP
836 771 1203 849 temporibus
1247 772 1469 849 passim
1514 770 1922 848 reperiuntur,
1977 771 2157 830 etiam
2204 770 2367 848 apud
2410 770 2646 847 Anglos

400 860 668 937 (Rudolf,
714 860 819 919 vit.
866 859 1095 919 Liobae
1152 862 1202 919 l.
1249 861 1409 919 Mab.
1454 860 1578 931 III,
1614 862 1652 917 2
1701 881 1837 919 ann.
1889 863 1923 918 7
1934 861 2034 932 72,
2082 882 2141 937 p.
2176 860 2302 918 246
2337 862 2466 936 sq.).

578 950 739 1023 Quid
806 949 1048 1009 tandem
1110 948 1421 1009 Scotorum
1490 949 1838 1027 proprium?
1905 949 2162 1008 Frustra
2229 948 2644 1025 quaesivimus,

402 1038 600 1116 quoad
644 1038 977 1115 generatim
1023 1043 1207 1115 atque
1265 1038 1541 1097 universe
1601 1038 1858 1097 diximus
1918 1038 1992 1095 de
2037 1038 2164 1096 vita
2207 1037 2644 1109 monachorum,

400 1147 539 1186 nam
571 1127 699 1187 vita
732 1127 1095 1199 monachica,
1141 1127 1193 1187 si
1224 1127 1531 1185 elementis
1574 1126 1960 1203 judicandum
2006 1133 2114 1200 est,
2159 1146 2254 1185 res
2303 1133 2393 1185 est
2437 1125 2648 1184 similis

400 1216 622 1292 ubique
684 1222 747 1275 et
806 1216 1012 1275 eadem
1060 1236 1309 1294 semper.
1398 1214 1704 1275 Interiora
1762 1222 1960 1277 autem
2020 1215 2266 1275 vivendi
2327 1220 2648 1293 praecepta

400 1305 569 1365 varia
614 1304 679 1363 in
725 1306 971 1365 ecclesia
1020 1324 1343 1382 numquam
1388 1324 1509 1363 non
1556 1311 1744 1363 erant.
1804 1340 1892 1351 -—-
1954 1305 2176 1365 Multas
2229 1324 2298 1363 ac
2341 1303 2538 1363 varias
2583 1302 2647 1361 in

401 1394 791 1454 orientalibus
851 1392 1129 1453 ecclesiae
1188 1394 1461 1471 partibus
1520 1400 1662 1453 ante
1722 1393 2076 1452 Columbam
2137 1399 2199 1452 et
2256 1392 2648 1451 Benedictum

400 1483 699 1543 exstitisse
742 1484 983 1560 regulas
1028 1482 1186 1541 inter
1230 1502 1433 1542 omnes
1490 1488 1728 1542 constat
1782 1502 1974 1559 neque
2037 1481 2230 1539 minus
2288 1488 2498 1539 notum
2556 1487 2648 1540 est

398 1572 463 1631 in
508 1571 771 1631 occiduis
826 1572 1106 1632 ecclesiae
1166 1571 1511 1654 regionibus
1571 1571 1890 1631 monachos
1949 1571 2240 1629 elementa
2299 1569 2647 1645 disciplinae

401 1662 479 1720 ab
524 1661 645 1720 illis
691 1681 817 1721 esse
864 1666 1183 1733 mutuatos,
1230 1660 1524 1719 communi
1570 1666 1770 1719 autem
1825 1658 2192 1719 accuratiore
2245 1656 2648 1717 instituendae

400 1750 561 1811 vitae
606 1770 815 1808 norma
846 1769 1091 1827 prorsus
1122 1748 1395 1807 caruisse.
1458 1748 1596 1805 Etsi
1629 1748 1800 1807 enim
1845 1748 1910 1807 in
1954 1746 2156 1806 Gallia
2186 1781 2274 1793 —
2303 1753 2372 1806 ut
2420 1752 2648 1805 taceam

402 1840 475 1897 de
508 1838 641 1897 aliis
672 1838 1017 1913 regionibus
1054 1872 1130 1881 -
1168 1842 1403 1895 constat
1431 1836 1611 1895 fuisse
1657 1836 2032 1909 monasteria,
2079 1855 2330 1912 quorum
2376 1834 2649 1894 monachi

403 1932 566 1985 certa
612 1946 682 1984 ac
726 1925 975 1983 definita
1019 1923 1263 1984 vivendi
1305 1945 1513 1984 norma
1559 1945 1747 2003 eaque
1793 1925 2060 1985 Caesarii
2102 1923 2476 1983 Arelatensis
2521 1928 2648 1982 ute-

402 2014 625 2071 bantur
670 2012 996 2090 (Rettberg
1040 2012 1127 2085 II,
1172 2034 1229 2089 p.
1265 2014 1446 2090 678),
1510 2014 1625 2073 etsi
1683 2014 1747 2071 in
1795 2013 2094 2073 nonnullis
2137 2012 2518 2081 monasteriis
2559 2009 2647 2071 in-

386 2099 601 2162 -stituta
654 2099 727 2161 de
770 2098 1181 2182 infomnatione
1224 2100 1479 2175 coenobii
1518 2110 1840 2163 occurrunt
1885 2101 2132 2179 (Arndt,
2178 2102 2398 2162 Kleine
2442 2101 2646 2163 Denk-

404 2190 591 2248 maier
635 2209 743 2249 aus
788 2191 894 2249 der
938 2190 1479 2269 Merowingerzeit,
1526 2214 1585 2269 p.
1626 2193 1668 2250 4
1698 2194 1814 2269 sq.)
1860 2199 2061 2252 tamen
2103 2194 2294 2268 major
2337 2211 2478 2270 pars
2523 2210 2647 2249 mo-

402 2278 797 2339 nasteriorum
844 2282 955 2339 sub
1000 2280 1266 2357 regulari
1308 2280 1625 2359 disciplina
1673 2302 1792 2341 non
1840 2287 1969 2342 erat
2014 2283 2112 2358 (cf.
2142 2282 2376 2352 Hertel,
2424 2302 2482 2357 p.
2517 2280 2645 2337 440

404 2375 465 2427 et
508 2366 617 2427 vit.
663 2368 1041 2445 Wandregis.
1075 2372 1112 2426 9
1148 2376 1209 2429 e't
1246 2371 1345 2441 10,
1389 2390 1448 2447 p.
1484 2370 1632 2442 528,
1675 2370 1868 2430 Jonas
1899 2370 2006 2429 vit.
2037 2368 2236 2428 Attal.
2274 2370 2328 2441 1,
2374 2367 2530 2427 Mab.
2561 2366 2648 2440 H,

402 2453 538 2516 ann.
574 2457 720 2529 627,
753 2478 811 2534 p.
850 2458 1021 2534 123),
1068 2478 1140 2516 ex
1181 2459 1700 2534 abbatumpotius
1729 2460 2040 2517 voluntate
2085 2456 2404 2533 pendebat,
2447 2459 2649 2513 utrum

384 2545 678 2605 —monachi
722 2566 759 2603 a
802 2545 963 2605 vitae
1010 2546 1242 2605 ratione
1288 2564 1409 2604 non
1463 2546 1834 2605 discederent
1889 2566 1964 2604 an
2021 2545 2304 2605 dissolute
2359 2544 2650 2619 viverent,

382 2632 747 2711 -saepissime
778 2652 971 2709 neque
1010 2634 1075 2692 in
1114 2634 1401 2692 abbatum
1446 2638 1744 2711 potestate
1791 2640 1920 2693 erat
1963 2633 2284 2693 monachos
2329 2634 2394 2691 in
2439 2632 2651 2693 officiis

406 2722 719 2783 continere.
798 2720 1023 2781 Contra
1068 2722 1131 2781 in
1176 2721 1549 2781 monasteriis
1594 2743 1634 2781 a
1665 2721 1956 2783 Columba
2003 2725 2248 2799 ejusque
2293 2721 2468 2781 sociis
2513 2741 2648 2780 con-

406 2810 547 2871 ditis
606 2810 893 2888 optimam
952 2811 1283 2870 invenimus
1344 2810 1738 2889 disciplinam.
1841 2811 1918 2871 In
1976 2812 2088 2871 hoc
2155 2832 2298 2889 ergo
2335 2810 2651 2871 simillimi

406 2906 547 2960 sunt
592 2899 755 2959 inter
797 2920 874 2959 se.
906 2899 1195 2960 Columba
1240 2904 1303 2960 et
1347 2899 1714 2960 Benedictus
1759 2900 2146 2975 Cassinensis‚
2193 2900 2353 2978 quod
2395 2906 2650 2977 uterque

404 2988 679 3047 licentiae
710 2990 1129 3048 monachorum
1160 2988 1436 3049 arctioris
1464 2989 1816 3067 disciplinae·
1849 2992 2048 3050 frenos
2093 2989 2374 3049 adhibere
2405 2990 2650 3049 studuit.

408 3077 717 3149 Quomodo
764 3078 926 3137 inter
971 3098 1033 3137 se
1078 3077 1358 3138 differant
1390 3076 1682 3138 Columba
1722 3086 1784 3138 et
1814 3078 2196 3151 Benedictus,
2241 3084 2370 3136 tum
2414 3077 2652 3137 demum

409 3184 827 3241 cognoscemus
845 3210 858 3237 ,
905 3166 957 3225 si
1002 3167 1180 3242 hujus
1226 3168 1493 3243 regulam
1539 3188 1674 3225 cum
1716 3167 1876 3225 illius
1921 3166 2472 3245 comparaverimus.

587 3252 709 3313 Sed
756 3274 908 3331 quae
970 3260 1062 3313 est
1106 3254 1431 3314 Columbae
1490 3255 1764 3333 regula?
1807 3255 1996 3315 Estne
2055 3256 2183 3328 illa,
2243 3274 2398 3330 quae
2457 3260 2654 3315 exstat

409 3343 569 3421 apud
598 3342 972 3420 Flemingum
1001 3364 1065 3421 p.
1100 3343 1274 3401 4-8
1308 3350 1368 3402 ct
1398 3342 1461 3401 in
1492 3343 1868 3429 Bibliotheca
1897 3345 2156 3403 maxima
2183 3342 2338 3417 XII,
2369 3364 2429 3421 p.
2461 3341 2652 3417 3—-5,

407 3432 509 3510 pia
556 3432 630 3491 de
675 3432 1097 3491 monachorum
1143 3431 1355 3491 officiis
1402 3431 1840 3505 commentatio,
1886 3432 1950 3491 in
1999 3452 2116 3509 qua
2161 3467 2250 3477 —
2295 3432 2508 3492 omisso
2555 3454 2652 3492 ca-

407 3520 534 3599 pite
579 3520 833 3598 septimo
881 3521 1041 3598 quod
1086 3528 1241 3581 teste
1290 3524 1417 3596 jam
1462 3520 1652 3600 ipsius
1707 3521 1920 3598 capitis
1975 3521 2217 3580 exordio
2273 3520 2390 3593 „de
2443 3519 2659 3601 sym

408 3617 623 3690 er90“
668 3610 909 3669 aliunde
954 3618 1260 3688 receptum
1306 3616 1396 3672 est
1442 3608 1720 3686 (Schoell,
1767 3632 1824 3688 p.
1860 3610 1960 3683 59,
2003 3611 2282 3688 Loening
2310 3610 2396 3683 II,
2429 3632 2487 3688 p.
2521 3610 2647 3668 431

407 3706 533 3759 not.
580 3698 646 3775 4)
694 3719 891 3776 neque
930 3699 1238 3759 invenitur
1282 3700 1345 3758 in
1389 3700 1584 3761 tribus
1624 3700 1934 3759 codicibus
1979 3700 2298 3777 (Fleming,
2343 3704 2544 3758 annot.
2590 3698 2654 3757 in

411 3808 459 3846 c.
506 3786 653 3859 VII,
700 3809 759 3866 p.
798 3788 903 3864 15)
958 3822 1033 3832 —
1084 3789 1171 3846 nil
1216 3788 1387 3860 inest,
1434 3790 1595 3865 quod
1641 3790 1881 3867 regulae
1928 3788 2182 3868 speciem
2226 3789 2530 3866 praebeat,
2577 3808 2654 3847 an

394 3875 823 3952 conjungenda
882 3884 972 3936 est
1042 3896 1175 3935 cum
1244 3897 1315 3935 ea
1384 3878 1573 3937 altera
1641 3879 1746 3937 illa
1811 3875 2016 3957 reyula
2082 3873 2426 3938 coenobialis
2493 3876 2656 3953 apud

410 3964 787 4042 Flemingum
830 3986 890 4043 p.
930 3966 1191 4024 19—24
1238 3972 1299 4024 et
1334 3964 1504 4025 Bibl.
1550 3988 1688 4025 max
1733 3966 1887 4039 XII,
1935 3988 1992 4043 p.
2042 3968 2078 4025 6
2112 3986 2241 4042 sqq.
2288 3972 2350 4024 et
2393 3966 2458 4022 in
2503 3964 2652 4023 Hol-

412 4052 590 4113 stenii
636 4052 763 4113 cod.
808 4055 993 4129 regul.
1040 4063 1180 4117 tom.
1226 4054 1335 4127 II,¹
1362 4055 1587 4132 p..164
1616 4075 1747 4133 sqq.
1791 4056 1953 4134 typis
2013 4055 2322 4132 impressa,
2384 4073 2535 4130 quae
2582 4051 2656 4113 de

412 4139 719 4203 cotidianis
770 4140 1131 4221 poenitentiis
1188 4138 1611 4203 monachorum
1669 4144 1918 4220 loquens
1978 4149 2100 4201 tam
2163 4162 2376 4219 graves
2435 4162 2656 4219 poenas

414 4230 748 4307 constituit,
816 4236 887 4288 ut
946 4252 1075 4290 eam
1134 4252 1343 4293 revera
1402 4232 1670 4309 regulam
1733 4252 1978 4310 eamque
2039 4231 2469 4291 severissimam
2529 4250 2655 4291 esse

393 4340 585 4381 ‹nemo
632 4339 849 4397 negare
895 4320 1125 4397 possit?
1180 4321 1493 4382 Ebrardus
1536 4322 1619 4398 (p.
1674 4321 1796 4379 147
1831 4323 1984 4397 sqq.)
2031 4324 2252 4396 rejecta
2297 4320 2406 4379 hac
2449 4320 2656 4397 regula
