3259 5084
1518 241 1955 302 ..26-

613 443 670 499 p.
705 422 881 498 474).
943 421 1060 480 Sed
1107 421 1289 480 etiam
1333 420 1657 480 levioribus
1703 421 2103 479 fundamentis
2150 421 2281 498 ipsa
2313 420 2598 482 Haddani
2644 422 2858 482 nititur

615 511 834 588 opinio.
894 511 1178 588 Legimus
1225 510 1382 569 enim
1426 510 1490 568 in
1532 509 1658 570 vita
1704 509 2089 586 Kentigerni:
2136 528 2243 570 rem
2288 518 2341 570 et
2384 507 2569 572 clem-3
2611 510 2859 594 reqe‘omk

616 595 989 666 Cambremis
1023 643 1036 658 .
1070 645 1083 658 .
1117 644 1132 658 .
1165 643 1178 658 .
1211 597 1390 659 accito
1429 597 1502 660 de
1531 595 1825 658 Ilibmm'a
1870 617 1986 658 uno
2034 597 2301 680 epzseopo
2345 619 2508 660 more
2536 597 2860 661 Britonum

615 698 667 752 et
712 686 1024 750 »Scotorum
1067 687 1131 748 in
1173 687 1508 768 episeqmm
1551 686 1747 767 ipsum
1792 689 2281 767 (Kentigernum)
2329 689 2659 750 comem-am·
2698 689 2857 772 fece·

613 787 768 839 runt.
862 773 998 838 Mos
1053 777 1208 838 enim
1259 776 1322 836 in
1366 775 1693 836 Britannia
1736 774 2047 838 inoleverat
2099 776 2161 837 in
2206 777 2627 839 comem-atione
2657 779 2855 859 ponti-

595 868 789 952 ficum
833 865 1235 928 tantummodo
1282 865 1478 950 captia
1521 885 1722 926 eoram
1764 865 1922 928 sac‘m'
1963 863 2287 927 chasmatis
2317 865 2602 951 infusione
2634 888 2856 948 perun-

611 975 746 1038 9ere
777 1001 790 1014 .
823 1001 835 1014 .
868 1000 882 1015 .
917 957 1174 1033 (H.-and
1205 955 1293 1016 St.
1323 955 1377 1030 I,
1423 977 1480 1034 p.
1519 955 1688 1033 155).
1783 955 1899 1028 Qui
1946 957 2107 1016 locus
2155 957 2299 1034 quid
2346 957 2462 1016 sibi
2507 959 2687 1020 vellet
2730 959 2857 1020 81110

615 1047 794 1106 dubio
855 1052 1016 1106 recte
1075 1045 1504 1122 interpretatus
1565 1051 1657 1106 est
1715 1045 1843 1123 ipse
1904 1045 2235 1106 Haddanus
2306 1047 2569 1108 scribens
2635 1067 2859 1111 ‘morem

615 1137 782 1195 illum
829 1135 1018 1194 videri
1072 1135 1532 1212 intellegendum
1587 1155 1713 1194 esse
1770 1136 2179 1194 tantummodo
2234 1136 2589 1214 peculiarem
2607 1182 2621 1210 ,
2692 1141 2859 1214 cujus

617 1227 744 1286 vita
790 1224 1152 1283 mentionem
1207 1224 1378 1298 facit,
1437 1224 1741 1301 unguendi
1792 1225 2100 1284 rationem.
2193 1226 2360 1299 Quae
2408 1245 2540 1285 cum
2586 1227 2674 1286 ita
2721 1227 2858 1300 sint,

617 1314 766 1392 quin
799 1313 978 1372 etiam
1011 1333 1140 1371 cum
1173 1314 1323 1372 falsa
1355 1314 1490 1387 sint,
1541 1332 1689 1391 quae
1722 1313 1847 1373 vita
1887 1315 2117 1391 profert
2160 1315 2234 1373 de
2278 1315 2583 1392 unguendi
2628 1316 2859 1376 ratione

617 1404 777 1482 apud
810 1403 1087 1462 Britones
1119 1403 1342 1461 usitata
1391 1403 1530 1480 (vid.
1565 1423 1745 1480 supra
1778 1425 1835 1481 p.
1873 1403 1981 1480 25)
2030 1403 2273 1462 dubium
2322 1425 2447 1464 esse
2494 1425 2611 1464 non
2642 1411 2857 1484 potest,

617 1493 758 1568 quin
805 1491 965 1552 vitae
1011 1491 1186 1568 hUJ'us
1233 1493 1461 1552 auctori
1507 1512 1825 1568 anonymO,
1889 1513 2063 1571 quem
2118 1500 2368 1552 exeunte
2425 1495 2656 1552 saeculo
2715 1495 2856 1554 duo-

617 1580 842 1640 decimo
889 1580 1147 1659 priorem
1205 1601 1320 1639 non
1379 1603 1504 1640 esse
1549 1586 1807 1654 constat,
1869 1581 2106 1640 omnino
2161 1583 2309 1642 fides
2363 1583 2710 1660 deneganda
2763 1585 2857 1644 sit.

618 1670 842 1730 Tamen
887 1670 1245 1743 Η81111811118,
1309 1671 1449 1748 111118
1505 1671 1578 1728 de
1635 1671 1925 1748 episcopis
1980 1691 2087 1748 per
2132 1691 2314 1729 unum
2361 1673 2613 1730 alterum
2660 1693 2853 1733 conse-

617 1759 797 1820 cratis
856 1759 920 1818 in
981 1759 1112 1818 aliis
1174 1779 1406 1838 quoque
1472 1760 1612 1819 vitis
1672 1758 2024 1820 Sanctorum
2084 1759 2428 1834 Britonum,
2498 1767 2693 1821 aetate
2754 1763 2857 1822 illa

615 1849 978 1926 Kentigerni
1022 1869 1143 1908 non
1189 1849 1633 1922 vetustioribUS,
1678 1848 1747 1908 fit
1795 1849 2019 1908 mentio
2065 1855 2124 1908 et
2173 1849 2312 1926 quia
2358 1855 2592 1910 constat
2635 1871 2856 1910 morem

614 1939 784 1997 illum
839 1939 1074 2000 saeculo
1131 1939 1438 1998 undecimo
1493 1939 1555 1997 in
1610 1938 1907 1997 Hibernia
1964 1938 2023 1996 in
2080 1958 2190 1998 usu
2254 1939 2462 2014 fuisse,
2532 1960 2639 2018 pro
2696 1946 2855 2000 certo

615 2027 854 2087 videtur
900 2048 1024 2086 rem
1069 2027 1306 2086 habere.
1388 2027 1584 2105 Atqui
1633 2049 1703 2086 ea
1748 2028 1878 2105 ipsa
1924 2048 2004 2099 re,
2052 2029 2211 2105 quod
2258 2029 2616 2108 scriptorum
2660 2036 2859 2090 aetate

615 2115 893 2188 Hiberni,
943 2116 1291 2193 quibuscum
1322 2117 1448 2176 vita
1481 2117 1843 2194 Kentigerni
1873 2117 2155 2176 Britones
2200 2119 2539 2194 congruisse
2586 2119 2859 2193 affirmat,

616 2205 722 2263 illo
769 2225 930 2262 more
976 2205 1316 2278 utebantur,
1362 2205 1508 2264 fides
1555 2207 1881 2282 abrogatur
1927 2206 2331 2283 scriptoribus.
2392 2207 2580 2286 Apud
2627 2215 2859 2269 veteres

617 2293 932 2371 scriptores
980 2294 1143 2351 nulla
1191 2300 1387 2354 exstat
1431 2294 1608 2370 hujus
1654 2294 1837 2354 moris
1882 2295 2122 2355 mentio.
2200 2296 2295 2354 Ex
2343 2299 2668 2369 contrariu,
2714 2298 2859 2358 Vini
2896 2362 2899 2363 ⁷

617 2383 953 2460 episcopum
999 2402 1154 2440 811110
1206 2383 1332 2441 665
1383 2383 1684 2443 Oeaddam
1732 2403 2099 2444 consecrasse
2145 2387 2329 2446 refert
2376 2385 2543 2446 Beda
2590 2389 2669 2464 (11.
2704 2410 2751 2448 0.
2802 2389 2859 2460 3,

619 2473 701 2529 28
752 2472 786 2549 ξ
837 2471 964 2530 243
1014 2471 1088 2530 de
1133 2471 1262 2549 ipsa
1309 2493 1374 2531 re
1423 2472 1540 2532 vid.
1587 2473 1768 2550 infra)
1828 2473 2187 2576 „assumptis
2230 2473 2291 2534 in
2336 2474 2658 2536 societatem
2704 2475 2857 2537 ordi-

615 2558 864 2621 nationi-s
923 2559 1145 2621 duobus
1207 2560 1282 2621 de
1325 2558 1649 2624 Bn'tonum
1701 2571 1865 2643 yeme
1924 2562 2263 2644 episcopi-3⁶2
2356 2565 2515 2625 Num
2561 2566 2861 2626 venissent

616 2650 705 2707 illi
763 2649 1082 2709 Britonum
1143 2650 1426 2754 episcopi,
1497 2653 1546 2712 si
1607 2651 1725 2730 ipsi
1784 2659 2097 2731 putassent
2149 2674 2267 2713 11011
2326 2661 2601 2734 oportere
2657 2656 2859 2716 adesse

618 2739 1045 2798 consecrationi
1097 2739 1242 2800 alios
1305 2741 1612 2819 episcopos
1675 2749 1916 2821 praeter
1974 2743 2169 2821 ipsum
2224 2744 2707 2803 consecrantem?
2774 2745 2861 2803 Et

623 2828 926 2905 complura
960 2833 1199 2887 exstant
1243 2829 1598 2904 testimonia,
1650 2852 1803 2909 quae
1832 2832 2117 2891 Haddani
2148 2833 2475 2890 sententiae
2507 2837 2857 2906 repugnent,

619 2917 721 2976 sed
769 2937 900 2974 cum
940 2917 1259 2976 Britonum
1305 2918 1480 2977 simul
1526 2925 1586 2979 et
1633 2919 1944 2980 Scotorum
1989 2921 2279 2978 rationem
2324 2920 2599 2990 habeant,
2648 2918 2719 2976 de
2764 2917 2856 2976 his

617 3005 828 3064 melius
875 3005 1028 3064 infra
1075 3013 1302 3083 agetur.
1393 3007 1528 3068 Hoc
1585 3010 1713 3070 1000
1772 3010 1917 3068 satis
1972 3009 2051 3068 sit
2108 3026 2584 3066 commemorasse
2630 3007 2856 3065 nullum

618 3101 852 3154 exstare
883 3100 1110 3154 certum
1139 3095 1315 3172 hujus
1346 3097 1434 3156 rei
1465 3099 1889 3159 testimonium.
1952 3096 2054 3156 An
2086 3095 2423 3155 testimonio
2470 3115 2595 3154 esse
2640 3103 2857 3173 potest,

619 3184 778 3262 quod
839 3183 1008 3242 Beda
1069 3185 1131 3260 (l.
1178 3187 1251 3262 c.)
1308 3186 1576 3263 prodidit
1621 3208 1777 3246 anno
1828 3186 1951 3244 665
2001 3189 2239 3262 praeter
2285 3184 2456 3258 Vini,
2518 3185 2857 3263 episcopum

619 3273 1087 3332 occidentalium
1120 3273 1435 3349 Saxonum,
1484 3280 1570 3353 (et
1607 3274 1977 3334 Bonifatium
2006 3273 2475 3332 Domnocensem
2507 3273 2562 3331 11.
2596 3295 2644 3332 0.
2680 3275 2736 3346 3,
2772 3275 2855 3332 20

619 3365 652 3440 ᾖ
703 3363 848 3435 209,
897 3365 1064 3437 cujus
1111 3363 1332 3424 oblitus
1379 3370 1468 3424 est
1512 3365 1624 3424 hoc
1671 3367 1796 3424 1000
1829 3397 1916 3408 -—
1948 3363 2017 3421 cf.
2049 3362 2289 3440 Bright,
2335 3383 2391 3440 p.
2430 3363 2583 3439 212)
2632 3363 2858 3421 nullum

617 3451 796 3510 fuisse
865 3451 927 3508 in
995 3451 1312 3514 Britannia
1381 3455 1722 3532 episcopum
1789 3452 2067 3512 canonice
2138 3451 2522 3517 ordinatqu
2597 3451 2855 3510 Minime.

617 3541 771 3602 Nam
817 3540 1064 3600 dubium
1121 3547 1236 3616 est,
1299 3563 1374 3602 an
1421 3543 1532 3601 1100
1577 3544 1704 3602 1000
1750 3541 2069 3622 Britonum
2119 3542 2355 3601 omnino
2402 3563 2519 3603 non
2566 3541 2858 3601 rationem

620 3629 920 3703 habuerit,
968 3630 1059 3688 sin
1109 3631 1310 3703 aliter,
1373 3631 1595 3690 rituum
1642 3632 1718 3690 ob
1766 3631 2175 3690 diversitatem
2222 3630 2448 3690 Bedam
2494 3630 2613 3690 illis
2659 3631 2857 3690 verbis

618 3739 788 3778 usum
834 3740 960 3780 esse
1006 3726 1298 3798 putarem.

796 3808 1045 3884 Rejecta
1103 3809 1291 3886 igitur
1336 3807 1621 3867 Haddani
1680 3806 1974 3866 sententia
2027 3814 2259 3868 restant
2318 3808 2528 3885 quinto
2585 3813 2645 3866 et
2690 3814 2857 3866 sexto

617 3898 964 3957 numerandi
1011 3899 1140 3957 1000
1187 3896 1504 3976 peculiaris
1535 3915 1660 3954 mos
1692 3897 2071 3956 consecrandi
2104 3898 2379 3956 ecclesias
2412 3903 2473 3957 et
2504 3897 2859 3957 monasteria

616 3991 676 4045 et
729 3989 1059 4065 peculiares
1105 3987 1258 4047 ritus
1304 3987 1367 4044 in
1415 3985 1767 4044 celebranda
1814 3985 2187 4044 eucharistia.
2265 3987 2358 4045 De
2406 3987 2623 4063 quibus
2670 4005 2858 4062 pauca

617 4077 930 4136 sufficiant.
1020 4076 1302 4134 Britones
1349 4074 1530 4147 enim,
1587 4075 1879 4134 secundae
1924 4075 2163 4150 quidem
2210 4081 2273 4134 et
2317 4075 2531 4135 tertiae
2580 4095 2725 4152 quas
2770 4073 2852 4131 di-

615 4165 928 4224 stinximus
975 4169 1254 4238 aetatum,
1301 4183 1419 4222 non
1466 4164 1711 4242 primae,
1758 4163 2032 4224 ecclesias
2080 4170 2141 4222 et
2186 4165 2542 4224 monasteria
2585 4163 2855 4223 videntur

617 4274 987 4313 consecrasse
1041 4255 1386 4332 plerumque
1442 4274 1560 4312 non
1607 4255 1717 4314 sub
1766 4253 1999 4312 nomine
2048 4253 2459 4314 defunctorum
2504 4259 2855 4321 sanctorum,

619 4343 723 4400 sed
785 4343 894 4402 sub
951 4344 1336 4404 fundatorum
1382 4343 1653 4404 vivorum
1698 4343 2035 4403 nominibus
2082 4343 2363 4419 (Warren
2408 4365 2467 4422 p.
2517 4341 2645 4419 74),
2689 4358 2859 4420 prae·
