3259 5084
1576 274 2008 340 ...20-

673 477 970 536 quaquam
1014 456 1305 537 proficisci
1349 460 1564 538 potuit.
1626 460 1761 518 Hoc
1792 458 2067 517 Ebrardo
2098 463 2191 516 est
2237 451 2691 516 concedendum.
2753 457 2913 532 Quid

673 554 870 608 autem
889 593 904 623 ,
973 549 1025 608 si
1083 549 1238 608 forte
1297 549 1424 628 ipse
1484 548 1793 608 Victorius
1851 548 2035 606 verba
2097 544 2398 605 addiderit
2456 545 2531 604 de
2596 544 2691 603 die
2706 589 2723 619 ,
2795 566 2915 624 qua

670 638 885 698 festum
933 639 1208 717 paschale
1257 638 1626 696 celebretur?
1683 637 1931 696 Licetne
1979 636 2090 695 hoc
2134 633 2393 714 putare?
2439 634 2631 693 Immo
2678 654 2913 695 necesse

672 731 778 788 est.
824 727 1156 786 Audiamus
1203 725 1559 804 Gregorium
1608 725 2011 785 Turonensem
2059 725 2143 800 (h.
2177 745 2224 783 e.
2258 723 2333 795 V,
2386 724 2485 783 17.
2530 723 2612 781 Η.
2659 723 2777 782 and
2823 723 2912 783 St.

669 814 757 888 ΙΙ,
809 817 862 888 1,
909 837 966 893 p.
1015 818 1143 890 77),
1193 816 1294 892 qui
1339 813 1655 888 ,‚dubietas,
1701 815 1914 893 inquit,
1954 810 2211 894 paschae
2237 811 2366 894 fuit
2410 813 2487 888 (a.
2535 813 2589 870 d.
2640 812 2791 888 590)
2840 809 2911 872 ob

669 900 777 963 hoo
793 947 811 975 ,
880 902 1040 984 quod
1096 903 1160 962 in
1204 901 1357 986 cyclo
1420 899 1616 964 Victor
1674 900 1846 963 lunae
1890 902 2118 964 decima
2166 901 2374 983 quinta
2405 897 2640 980 pascha
2684 899 2915 981 scripsit

644 990 817 1074 flere}
883 992 987 1052 sed
1029 1012 1099 1050 ne
1148 989 1494 1064 amiciam,
1554 1002 1616 1052 ut
1663 988 1889 1053 Judaei
1898 1036 1917 1065 ,
1964 991 2071 1052 sub
2114 987 2224 1050 hac
2266 989 2411 1051 luna
2453 986 2591 1048 haec
2634 986 2913 1049 sokmnia

668 1077 1033 1152 celebrarent,
1082 1080 1361 1141 addidit“
1406 1083 1504 1159 (cf.
1552 1082 1746 1160 ipsum
1792 1082 2132 1143 Ebrardum
2178 1103 2236 1159 p.
2286 1080 2414 1156 34).

847 1169 961 1228 Sed
1011 1190 1360 1250 quocunque
1407 1171 1580 1230 modo
1637 1192 1733 1230 res
1792 1192 1918 1231 sese
1972 1170 2151 1230 habet
2162 1179 2207 1245 ,'
2240 1189 2371 1228 cum
2434 1168 2631 1244 cyclus
2675 1167 2775 1225 ille
2824 1169 2908 1226 84

669 1277 955 1318 annorum
1003 1265 1128 1317 tum
1175 1280 1300 1318 mos
1357 1260 1457 1318 ille
1504 1261 1844 1320 celebrandi
1898 1261 2059 1320 intra
2114 1260 2289 1319 lunae
2342 1257 2547 1315 14¹¹¹⁸¹¹²
2594 1262 2655 1315 et
2702 1257 2911 1314 20¹²²⁸¹¹²

668 1346 968 1424 prioribus
1013 1348 1384 1426 temporibus
1431 1349 1671 1407 minime
1718 1349 2037 1409 Britonum
2082 1347 2361 1427 proprius
2408 1352 2565 1418 erat,
2626 1345 2743 1423 ipsi
2787 1345 2908 1404 Ro-

668 1435 826 1494 mani
871 1437 1072 1512 quarti
1129 1438 1348 1496 saeculi
1405 1437 1548 1515 quin
1605 1439 1786 1497 etiam
1841 1438 2099 1498 ineuntis
2155 1435 2352 1513 quinti
2406 1435 2626 1495 saeculi
2680 1443 2907 1513 tempo-

668 1525 833 1583 ribus
879 1533 940 1584 et
987 1546 1147 1584 more
1195 1526 1295 1584 illo
1328 1534 1389 1586 et
1421 1528 1582 1603 cyclo
1613 1528 1939 1588 utebantur
1971 1524 2339 1609 (cf.·Ebrard
2370 1544 2427 1601 p.
2461 1524 2545 1581 40
2582 1529 2644 1582 et
2687 1545 2747 1603 p.
2782 1524 2908 1600 36).

666 1613 924 1672 Romani
971 1614 1198 1674 duobus
1244 1616 1492 1674 saeculis
1538 1621 1678 1694 post
1720 1637 1892 1677 usum
1946 1636 2115 1676 suum
2170 1618 2706 1684 commutaverant,
2771 1611 2907 1671 Bri·

667 1708 835 1762 tones
899 1703 1074 1763 etiam
1135 1710 1277 1764 tunc
1338 1726 1499 1764 more
1559 1709 1850 1782 maJ'orum
1904 1707 2244 1765 utebantur.
2339 1702 2500 1778 Quid
2560 1721 2701 1779 ergo
2752 1701 2907 1777 judi·

669 1790 924 1850 candum
971 1798 1063 1852 est
1107 1793 1179 1852 de
1226 1794 1338 1852 hac
1385 1795 1831 1854 controversia?
1899 1795 2045 1867 nisi,
2118 1793 2275 1871 quod
2326 1795 2453 1868 jam
2497 1791 2666 1850 Beda
2720 1790 2907 1850 simile

668 1880 821 1939 dixit
885 1880 958 1940 de
1006 1881 1202 1942 Scotis
1221 1927 1234 1954 ,
1302 1885 1695 1961 permansisse
1757 1885 1913 1943 hunc
1975 1880 2359 1961 computandi
2416 1881 2557 1940 festi
2613 1879 2905 1958 paschalis

665 1989 885 2028 morem
947 1972 1108 2048 apud
1168 1971 1448 2031 Britones
1507 1982 1740 2053 „utpote
1783 1971 1987 2054 quibas
2041 1969 2205 2054 lonye
2255 1967 2413 2029 ultra
2468 1967 2665 2029 orbem
2702 1966 2905 2048 positis

662 2076 828 2117 nemo
885 2055 1196 2137 synodalia
1249 2058 1547 2139 paschalis
1615 2061 2006 2122 observantiae
2073 2060 2300 2121 decreta
2354 2056 2755 2138 porrexisset“
2812 2058 2907 2134 (cf.

664 2145 832 2204 Beda
877 2147 934 2204 h.
981 2169 1028 2207 e.
1079 2149 1135 2221 3,
1186 2149 1287 2222 25,
1337 2151 1371 2228 ξ
1420 2150 1591 2228 233).
1686 2151 1860 2225 Quod
1906 2152 2173 2229 profecto
2230 2147 2453 2207 nemini
2507 2146 2720 2206 mirum
2776 2146 2908 2219 erit,

665 2235 767 2311 qui
813 2255 1010 2294 secum
1056 2238 1450 2315 reputaverit,
1509 2259 1685 2316 quam
1734 2239 1975 2298 difficile
2022 2247 2165 2298 tunc
2212 2237 2395 2296 fuerit
2440 2237 2598 2294 inter
2642 2235 2908 2294 homines

662 2324 1088 2384 commercium.
1180 2326 1308 2404 Ipsi
1341 2328 1556 2387 aetatis
1587 2328 1748 2387 illius
1778 2328 2045 2387 homines
2092 2327 2204 2386 sibi
2253 2325 2472 2385 conscii
2518 2331 2689 2384 erant
2733 2324 2908 2383 nimis

661 2412 864 2472 multis
911 2419 973 2473 et
1027 2415 1257 2493 magnis
1313 2415 1765 2476 difficultatibus
1822 2420 2187 2476 obstructam
2248 2436 2373 2474 esse
2435 2413 2781 2473 concordem
2842 2414 2907 2472 in

661 2500 938 2567 universa
971 2503 1215 2562 ecclesia
1260 2505 1397 2564 festi
1443 2505 1738 2583 paschalis
1785 2506 2257 2565 celebrationem.
2317 2503 2469 2562 Inde
2514 2502 2640 2561 fieri
2689 2502 2907 2581 potuit,

659 2597 728 2649 ut
771 2591 991 2669 passim
1041 2592 1146 2668 (H.
1193 2593 1313 2652 and
1359 2593 1446 2654 St.
1495 2595 1581 2669 II,
1636 2597 1665 2652 1
1716 2617 1775 2674 p.
1830 2597 1953 2653 100
2001 2601 2123 2655 not.
2172 2597 2232 2672 a)
2278 2593 2342 2652 in
2388 2592 2635 2652 ecclesia
2680 2593 2906 2651 dissen-

660 2679 852 2739 siones
900 2681 1225 2740 existerent
1269 2682 1343 2740 de
1387 2689 1656 2762 tempore
1710 2683 1849 2744 festi
1894 2683 2187 2763 paschalis
2232 2702 2424 2758 neque
2482 2682 2656 2740 simul
2701 2681 2907 2741 statim

659 2767 912 2828 schisma
972 2776 1258 2829 oreretur.
1349 2772 1558 2848 Neque
1621 2772 1796 2832 aliter
1864 2773 1927 2831 in
1990 2771 2193 2832 Gallia
2233 2793 2356 2848 ‘res
2426 2791 2553 2831 sese
2626 2770 2903 2830 habebat.

657 2856 749 2916 Ne
795 2857 1049 2934 amplius
1106 2859 1230 2918 dies
1288 2860 1429 2920 festi
1486 2861 1781 2939 paschalis
1839 2868 2042 2940 posset
2087 2860 2289 2920 vocari
2346 2860 2411 2918 in
2471 2859 2904 2919 dubitationem

660 2946 905 3004 concilio
967 2944 1391 3008 Aurelianensi»
1446 2970 1581 3008 ann.
1642 2949 1763 3008 541
1832 2952 1983 3027 (can.
2040 2949 2151 3024 IV,
2217 2951 2247 3007 1
2300 2949 2379 3008 H.
2427 2947 2546 3006 and
2592 2947 2681 3007 St.
2726 2948 2815 3022 II,
2868 2949 2897 3004 1

657 3043 715 3112 p.
766 3034 875 3111 75)
921 3036 1165 3113 placuit,
1211 3045 1275 3095 ut
1320 3046 1582 3097 sanctum
1614 3034 1846 3118 pascha
1891 3037 2208 3098 secundum
2262 3033 2605 3098 laterculum
2668 3032 2910 3096 Victorii

655 3121 731 3180 ab
776 3121 1038 3184 omnibus
1081 3124 1472 3187 sacerdotibus
1514 3147 1630 3186 uno
1684 3135 1939 3210 tempore
1990 3125 2370 3187 celebraretur
2416 3170 2429 3184 .
2476 3170 2493 3184 .
2539 3124 2613 3186 de
2654 3145 2772 3206 qua
2814 3143 2901 3184 so-

655 3208 918 3272 lennitate
947 3212 1164 3294 quoties
1195 3211 1420 3295 aliquid
1447 3214 1826 3289 dubitaretur,
1856 3215 2128 3298 inquisita
2172 3213 2262 3275 vel
2304 3213 2503 3296 agnata
2535 3233 2654 3293 per
2697 3222 2904 3274 metro-

640 3297 940 3380 politanos
969 3323 1009 3360 a
1038 3302 1171 3364 sede
1201 3301 1518 3386 apostolica
1557 3325 1729 3364 sacra
1766 3303 2085 3366 constitutio
2122 3313 2417 3366 temeretur.
2506 3303 2901 3364 Nihilosecius

655 3389 824 3448 annis
858 3390 982 3448 577
1019 3397 1079 3450 et
1114 3393 1239 3450 590
1271 3393 1490 3452 iterum
1521 3395 1593 3453 de
1642 3396 1842 3454 eadem
1890 3416 1954 3454 re
2000 3400 2133 3454 orta
2181 3401 2271 3453 est
2316 3392 2627 3465 dissensi03
2674 3389 2899 3465 Latini,

654 3477 852 3554 inquit
898 3477 1226 3556 Gregorius
1273 3480 1606 3542 Turonenis
1654 3484 1856 3543 eodem
1911 3485 2067 3556 locO,
2130 3485 2295 3559 cujus
2350 3488 2583 3560 partem
2640 3482 2897 3562 priorem

654 3586 834 3644 supra
881 3570 1462 3630 commemoravimus
1523 3572 1603 3647 (h.
1654 3593 1701 3630 e.
1747 3572 1823 3645 V,
1885 3574 1983 3630 17.
2030 3573 2109 3631 Η.
2158 3571 2275 3631 and
2322 3569 2409 3630 St.
2458 3571 2545 3645 H,
2597 3572 2626 3629 1
2680 3593 2737 3650 p.
2788 3570 2898 3647 77)

654 3656 1108 3716 celebraverunt
1151 3656 1322 3718 lunae
1365 3658 1645 3740 viyesima
1686 3659 1956 3720 secunda.
2053 3656 2141 3720 Ob
2186 3657 2294 3720 hoc
2323 3661 2471 3736 (scil.
2505 3661 2663 3737 quod
2692 3661 2899 3721 Victo÷

653 3744 776 3803 rius
830 3745 1006 3803 lunae
1062 3747 1287 3806 decima
1346 3749 1556 3826 quinta
1611 3749 1831 3827 pascha
1886 3750 2123 3829 scripsit
2174 3749 2305 3808 fieri
2360 3751 2431 3808 cf.
2478 3753 2680 3827 supra)
2727 3745 2905 3808 multi

651 3830 716 3891 in
764 3827 969 3894 Gallia
1015 3833 1241 3894 decim
1294 3834 1497 3918 quinta
1551 3833 1989 3898 celebraverunt.
2080 3834 2215 3899 Nos
2258 3847 2453 3900 autem
2498 3837 2771 3919 viqesima
2810 3838 2897 3897 ‘se-

652 3920 866 3985 cunda.
957 3924 1194 3997 Nonne,
1265 3926 1378 3984 etsi
1432 3926 1581 3983 illud
1639 3924 1711 3984 ob
1763 3923 1871 3986 hoc
1926 3929 2064 3987 huic
2121 3928 2386 4006 opinioni
2444 3948 2565 3986 non
2627 3930 2897 4007 quadrat,

651 4010 968 4071 verisimile
1016 4018 1106 4071 est
1151 4013 1284 4073 illos
1331 4011 1634 4086 „multos“
1679 4015 1826 4075 alios
1882 4031 2001 4076 non
2055 4017 2236 4076 fuisse
2290 4017 2405 4078 nisi
2451 4016 2733 4078 Britones
2775 4017 2896 4076 Ar-

651 4100 978 4160 moricanos
993 4145 1007 4174 ,
1069 4122 1320 4178 quorum
1375 4103 1717 4180 provinciae
1790 4106 2002 4166 civitas
2073 4105 2438 4166 Turonensis
2508 4114 2639 4166 erat
2702 4107 2899 4168 vicina

650 4190 755 4265 (H.
802 4190 919 4248 and
966 4189 1054 4249 St.
1101 4190 1190 4265 II,
1243 4191 1272 4250 1
1325 4213 1384 4270 p.
1423 4194 1501 4250 77
1547 4199 1671 4252 not.
1704 4195 1805 4272 a)‘?
1851 4194 2165 4254 Britonum
2214 4195 2369 4254 enim
2415 4215 2577 4256 more
2624 4196 2899 4274 congruit

649 4277 876 4337 decima
937 4280 1147 4355 quinta
1207 4281 1382 4339 lunae
1443 4282 1738 4342 celebrare
1758 4327 1773 4356 ,
1842 4290 1903 4342 et
1962 4282 2129 4342 ullud
2186 4281 2301 4356 „ob
2359 4281 2511 4344 hoc“
2571 4283 2898 4363 Gregorius

648 4387 880 4426 causam
937 4368 1148 4428 afferre
1205 4369 1446 4447 cupiens
1503 4371 1574 4429 de
1632 4372 1754 4430 suis
1816 4372 2065 4432 addidit.
2158 4373 2291 4446 Qua
2337 4374 2398 4432 iu
2444 4394 2509 4432 re
2552 4375 2615 4434 id
2658 4375 2897 4453 potissi-
