3259 5084
1299 247 1729 308 ,25-

401 431 511 491 hoc
559 429 756 489 odium
804 451 923 489 non
965 450 1117 488 unus
1164 429 1331 488 Beda
1378 435 1795 488 commemorat
1842 430 1921 506 (h.
1955 449 2003 488 e.
2039 431 2096 503 2,
2131 431 2213 488 20
2264 431 2299 507 ἓ
2339 429 2489 507 147)
2536 430 2639 488 sed

401 521 792 598 comprobant
834 520 1100 597 ipsorum
1129 519 1463 592 Britonum‚
1508 539 1661 595 quae
1708 524 1944 578 exstant
1989 520 2209 578 saeculi
2240 514 2350 579 VIi
2398 524 2459 578 et
2489 515 2638 580 Vni

400 609 661 668 carmina
708 610 804 685 (cf.
837 609 1253 688 Lappenberg‚
1301 607 1657 668 Geschichte
1704 629 1818 666 von
1852 607 2129 684 England
2174 629 2230 686 p.
2262 607 2638 686 XXXVII).

579 699 743 772 Quae
791 717 921 756 cum
967 697 1054 756 ita
1101 697 1251 771 sint,
1316 701 1441 773 jam
1497 703 1749 776 apparet
1804 697 2268 757 controversiam
2326 718 2394 757 ea
2446 701 2639 775 parte,

401 793 693 865 quatenus
740 807 811 845 ex
858 807 1085 845 morum
1131 786 1482 847 diversitate
1537 792 1671 846 orta
1726 791 1886 859 erat,
1949 806 2190 864 gravem
2250 808 2369 846 non
2427 787 2638 858 fuisse3

399 884 600 935 tamen
646 877 978 935 accuratius
1026 876 1196 935 nobis
1250 876 1742 954 perscrutandum
1796 881 1911 950 est,
1973 875 2214 952 quinam
2274 877 2496 934 fuerint
2550 875 2639 935 illi

398 966 579 1043 prisci
637 985 846 1046 mores.
957 965 1123 1024 Duos
1184 963 1592 1042 Augustinum
1654 964 1821 1023 Beda
1879 964 2024 1024 facit
2084 971 2639 1025 commemorantem

399 1055 481 1130 (h.
527 1075 574 1112 e.
625 1055 681 1127 2,
733 1056 770 1111 2
821 1055 855 1132 ξ
907 1054 1033 1130 93),
1102 1055 1458 1133 peculiarem
1504 1054 1647 1118 festi
1691 1055 1984 1132 paschalis
2032 1053 2532 1133 computationem
2578 1059 2640 1113 et

398 1143 744 1222 baptizandi
791 1165 1026 1202 morem.

577 1233 671 1291 De
704 1234 1145 1310 computatione
1176 1233 1314 1292 festi
1344 1233 1639 1311 paschalis
1686 1253 1867 1311 supra
1906 1236 2033 1309 jam
2079 1232 2225 1293 satis
2271 1232 2639 1311 disputatum

401 1327 504 1380 est.
597 1321 958 1399 Baptizandi
1019 1328 1216 1381 autem
1275 1321 1378 1399 qui
1439 1323 1620 1382 fuerit
1688 1343 1814 1381 mos
1876 1321 2227 1396 Britonum‚
2296 1342 2406 1401 pro
2476 1326 2638 1380 certo

399 1411 686 1470 affirmari
733 1431 849 1468 non
895 1416 1092 1488 potest
1139 1411 1234 1486 (cf.
1268 1410 1486 1489 Bright
1532 1434 1588 1490 p.
1623 1412 1753 1488 80).
1850 1410 2129 1470 Testibus
2176 1411 2320 1470 viris
2367 1410 2635 1469 doctissi-

401 1499 510 1558 mis
540 1500 620 1557 H.
669 1499 785 1558 and
819 1499 906 1559 St.
955 1499 1030 1576 (Ι,
1077 1522 1134 1579 p.
1175 1499 1296 1558 153
1331 1503 1442 1578 sq.)
1491 1520 1740 1577 quorum
1788 1499 2143 1559 sententiam
2187 1499 2493 1560 verbosius
2540 1520 2637 1557 ex-

398 1589 669 1666 planavit
715 1589 1064 1648 Warrenius
1111 1591 1192 1666 (p.
1243 1589 1530 1666 64—67)
1588 1589 1849 1647 omnium
1909 1592 2379 1664 conjecturarum
2436 1586 2635 1649 verisi-

399 1678 643 1736 millima
690 1683 803 1750 est,
851 1678 1010 1754 quod
1057 1679 1215 1756 apud
1261 1677 1542 1737 Britones
1588 1678 1845 1737 infantes
1891 1677 2237 1756 baptizandi
2282 1679 2462 1736 semel
2509 1683 2637 1735 tan-

398 1773 524 1826 tum
570 1766 632 1825 in
679 1787 891 1843 aquam
937 1768 1360 1844 mergebantur
1402 1787 1520 1826 non
1552 1774 1663 1840 ter,
1710 1767 1865 1826 sicut
1896 1787 2017 1826 mos
2059 1771 2191 1826 erat
2218 1766 2639 1825 Romanorum.

398 1856 533 1914 Hac
581 1876 722 1933 ergo
769 1859 1109 1931 conjectura
1154 1856 1606 1931 acquiescamus
2568 1843 2589 1854 ’

580 1941 804 2016 Cetera,
848 1963 996 2025 quae
1025 1943 1304 2004 Britones
1336 1953 1586 2026 aqerena
1634 1942 1899 2025 quamvis
1936 1941 2196 2003 ‘moribus
2227 1940 2640 2003 Romanorum

341 2110 350 2118 .
397 2032 718 2106 comran’a,
787 2031 1204 2115 aequanimiter
1263 2042 1468 2093 cuncta
1529 2053 1588 2094 se
1647 2030 2027 2092 toleraturum
2086 2051 2203 2092 esse
2263 2030 2639 2110 Augustinus

399 2128 550 2182 teste
594 2122 763 2181 Beda
810 2122 890 2198 (h.
939 2143 986 2180 e.
1038 2125 1094 2195 2,
1129 2123 1166 2180 2
1215 2123 1252 2200 ξ
1302 2124 1409 2200 93)
1456 2123 1746 2201 promisit.
1837 2121 2094 2182 Leviora
2142 2143 2281 2199 ergo
2328 2121 2472 2200 ipsis
2518 2123 2636 2180 Ro-

397 2211 588 2270 manis
634 2212 1008 2271 videbantur.
1103 2210 1222 2270 Sed
1281 2233 1659 2288 quaeramus,
1730 2230 1881 2289 qnae
1941 2211 2180 2270 fuerint.
2269 2211 2638 2271 Peculiarem

398 2308 675 2361 tonsurae
720 2302 967 2360 formam
1014 2302 1077 2359 in
1124 2301 1216 2360 his
1261 2301 1468 2374 fuisse,
1541 2321 1880 2379 quanquam
1934 2301 2104 2359 Beda
2158 2301 2231 2360 de
2288 2299 2639 2360 Britonibus

397 2410 580 2468 agens
625 2390 698 2448 de
746 2410 814 2448 ea
860 2390 1216 2449 mentionem
1271 2411 1390 2449 non
1444 2391 1611 2462 fecit,
1682 2391 2070 2466 comprobant
2130 2409 2261 2448 cum
2322 2410 2417 2461 ea,
2488 2408 2639 2465 quae

398 2501 580 2557 supra
625 2479 699 2537 de
739 2477 972 2539 Galliae
1019 2485 1081 2539 et
1126 2479 1454 2557 Hispaniae
1500 2479 1853 2538 Britonibus
1898 2470 2269 2555 protulimus,
2316 2484 2442 2536 tum
2488 2475 2638 2535 Ald-

397 2568 578 2627 helmi
639 2567 874 2626 abbatis
937 2589 1088 2645 quae
1150 2574 1346 2626 exstat
1409 2568 1477 2644 (J
1479 2567 1616 2640 affe,
1678 2566 2056 2625 Bibliotheca
2110 2585 2222 2623 rer.
2271 2564 2471 2624 Grerm.
2518 2564 2638 2623 ΙΙΙ.

401 2679 492 2735 ep.
533 2659 584 2729 1,
617 2677 673 2732 p.
709 2657 789 2714 26
825 2658 938 2733 sq.)
985 2656 1244 2734 epistula
1281 2656 1358 2715 ad
1388 2654 1748 2715 Geruntium
1794 2675 1993 2732 regem
2023 2653 2395 2713 Damnoniae
2441 2654 2641 2730 (hodie

398 2741 760 2805 Devonshire
805 2751 867 2803 et
917 2741 1304 2821 Cornwallis).
1397 2745 1514 2804 Sed
1558 2750 1800 2823 praeter
1844 2743 1951 2803 hos
1996 2763 2217 2817 mores,
2293 2745 2354 2820 1)
2404 2763 2639 2821 compu-

401 2834 690 2894 tationem
721 2834 859 2894 festi
890 2834 1202 2912 paschalis,
1251 2835 1316 2911 2)
1349 2834 1699 2912 baptizandi
1744 2833 1913 2907 ritus,
1964 2833 2029 2910 3)
2062 2839 2341 2893 tonsurae
2373 2834 2641 2905 formam,

401 2924 580 2983 etiam
627 2923 774 2983 alios
820 2944 1162 2983 enumerare
1208 2944 1534 3001 possumus.

578 3012 662 3070 Et
709 3018 919 3088 quarto
955 3013 1191 3090 quidem
1222 3014 1350 3072 loco
1380 3012 1708 3091 peculiares
1740 3011 2132 3072 ordinationis
2175 3011 2340 3084 ritus,
2387 3031 2641 3087 quorum

405 3100 626 3158 mentio
688 3119 866 3176 supra
927 3107 1017 3160 est
1076 3102 1237 3160 facta
1298 3103 1378 3180 (p.
1432 3104 1558 3178 17).
1628 3101 1981 3160 Lectionum
2028 3101 2185 3160 enim
2232 3121 2459 3172 cursus,
2522 3120 2640 3175 quo

405 3187 685 3248 Britones
731 3193 880 3246 teste
928 3188 1107 3246 Gilda
1151 3190 1501 3264 utebantur,
1561 3191 1713 3250 alius
1768 3195 1895 3250 erat
1956 3196 2137 3265 atque
2182 3190 2245 3248 in
2290 3189 2505 3247 ceteris
2552 3209 2640 3248 ec-

405 3277 623 3348 clesiiS‚
671 3297 779 3336 nec
823 3296 942 3334 non
988 3277 1295 3354 proprium
1341 3283 1470 3337 erat
1515 3278 1850 3351 Britonum‚
1898 3278 2057 3354 quod
2094 3311 2169 3320 -
2208 3277 2411 3336 eodem
2459 3276 2641 3336 Gilda

400 3371 552 3426 teste
598 3399 673 3408 —-
721 3365 901 3424 etiam
950 3385 1156 3424 manus
1203 3366 1664 3425 ordinandorum
1712 3367 2025 3426 chrismate
2070 3366 2512 3444 inungebantur
2543 3369 2639 3443 (cf.

400 3456 653 3514 Warren
708 3477 766 3532 p.
817 3452 898 3514 69
949 3475 1035 3531 sq.
1081 3454 1162 3513 H.
1209 3455 1327 3514 and
1373 3455 1460 3515 St.
1509 3454 1558 3528 Ι,
1615 3476 1672 3533 p.
1727 3454 1849 3512 155
1898 3474 2022 3514 nro.
2072 3455 2155 3533 5).
2248 3454 2366 3515 Sed
2420 3457 2531 3514 hac
2576 3456 2641 3515 in

399 3565 463 3602 re
510 3544 928 3622 negligendum
974 3565 1092 3603 non
1141 3550 1246 3617 est,
1295 3545 1542 3603 eundem
1589 3564 1810 3603 morem
1856 3544 2327 3622 inungendarum
2360 3565 2639 3604 manuum

398 3639 608 3712 postea
652 3633 906 3693 inveniri
952 3634 1013 3692 in
1059 3635 1190 3711 ipsa
1237 3634 1570 3712 Anglorum
1619 3633 1865 3694 ecelesia
1911 3634 2221 3710 (warren,
2268 3657 2325 3714 p.
2377 3636 2459 3692 70
2508 3637 2638 3712 sq.).

579 3722 802 3796 Quinto
862 3724 992 3782 loco
1052 3723 1168 3782 viri
1229 3723 1555 3783 doctissimi
1609 3723 1691 3782 H.
1739 3724 1856 3782 and
1904 3721 1994 3784 St.
2042 3730 2501 3784 commemorant
2564 3724 2639 3801 (Ι,

399 3834 456 3889 p.
495 3811 618 3869 155
666 3832 790 3870 nro.
827 3813 890 3888 6)
939 3811 1254 3871 Britonum
1299 3833 1521 3872 morem
1565 3813 1749 3872 fuisse
1796 3813 2103 3891 episcopos
2149 3813 2515 3873 conset-,arari
2563 3813 2639 3871 ab

399 3920 516 3958 uno
547 3901 737 3959 altero
770 3901 1047 3979 episcopo
1079 3921 1197 3960 non
1239 3901 1444 3960 accitis
1474 3902 1705 3962 duobus
1752 3902 1901 3976 aliis,
1948 3902 2123 3962 sicuti
2170 3922 2421 3962 canones
2467 3922 2637 3979 prae-

399 3988 646 4066 cipiunt.
736 3989 870 4048 Hoc
924 3993 1048 4066 jam
1095 3990 1444 4049 Warrenius
1491 3993 1571 4069 (p.
1624 3993 1732 4068 69)
1779 3992 1842 4051 in
1906 3991 2340 4052 dubitationem
2401 3989 2640 4050 vocavit

402 4077 628 4157 optimo
679 4077 915 4155 quidem
955 4081 1106 4153 jure,
1153 4079 1258 4138 sed
1302 4079 1522 4138 leviore
1571 4081 1822 4156 quodam
1871 4087 2237 4158 argumente.
2300 4077 2639 4139 Verisimile

399 4187 515 4226 non
581 4187 733 4237 esse,
803 4166 916 4238 ait,
985 4167 1290 4239 Britones,
1363 4186 1611 4244 quorum
1672 4169 1933 4247 episcopi
1995 4168 2240 4228 concilio
2296 4167 2640 4226 Arelatensi

399 4255 840 4328 interfuissent,
909 4261 1116 4331 postea
1185 4275 1449 4333 egressos
1511 4275 1637 4315 esse
1698 4263 1869 4316 extra
1937 4258 2113 4330 hujus
2184 4255 2369 4332 ipsius
2429 4257 2636 4332 synodi

400 4346 832 4422 praescriptum
887 4346 1038 4419 (can.
1095 4345 1193 4402 20.
1249 4345 1468 4418 Mansi,
1527 4363 1746 4404 sacror.
1804 4344 2099 4404 concilior.
2155 4345 2328 4422 ampl.
2377 4346 2505 4404 coll.
2553 4345 2639 4422 ΙΙ,
