3259 5084
1538 237 1967 296 ...52-

637 420 798 480 tione
851 419 1026 478 Brito
1080 417 1261 476 fuisse
1306 417 1575 491 videtur,
1649 417 1807 494 quod
1868 417 2243 494 sagacissime
2303 417 2569 495 profecto
2616 414 2878 476 Varinus

635 511 876 586 collegit
937 529 1007 566 ex
1071 508 1161 566 his
1220 507 1502 585 Prosperi
1558 507 1756 566 verbis
1813 507 2037 582 (chron.
2088 527 2227 566 ann.
2276 507 2402 564 429
2452 527 2545 584 op.
2594 505 2681 564 ed.
2729 505 2877 566 Bas·

637 599 768 658 sani
813 598 863 670 I,
909 620 968 676 p.
1002 597 1148 670 401,
1197 597 1276 654 H.
1325 597 1443 654 and
1488 596 1576 655 St.
1609 595 1661 670 I,
1707 618 1767 674 p.
1805 598 1935 674 16):
2005 594 2090 657 ad
2132 594 2415 656 actionem
2458 591 2707 655 Palladi
2749 592 2876 656 dia-

638 686 768 746 coni
825 683 1006 765 Papa
1071 681 1415 745 Coelestinus
1470 731 1483 744 .
1517 729 1530 743 .
1563 729 1577 744 .
1612 732 1627 746 .
1688 680 2055 766 Germanum
2100 729 2113 742 .
2149 729 2162 742 .
2196 728 2209 742 .
2254 682 2372 744 vice
2430 704 2541 744 sua
2596 681 2769 743 mittit
2828 691 2881 742 ct

637 773 950 836 deturbatis
988 771 1286 834 haereticis
1316 771 1669 845 Britannias
1714 773 1798 833 ad
1842 771 2186 834 catholicam
2208 773 2403 857 fidem
2447 770 2665 852 div-iffa.
2725 772 2879 834 Nam

639 864 781 942 quid
826 864 1127 936 Palladio,
1199 862 1354 922 sedis
1411 865 1773 943 apostolicae
1828 864 2103 937 diacon0,
2173 862 2507 922 commercii
2562 867 2693 921 erat
2750 881 2879 920 cum

637 953 1007 1026 Britonibus,
1057 952 1169 1012 nisi
1215 953 1342 1030 ipse
1391 962 1520 1013 erat
1564 952 1782 1012 Brito?

814 1041 906 1101 At
950 1041 1114 1101 dicat
1159 1043 1410 1100 fortasse
1460 1043 1755 1120 quispiam
1802 1042 1938 1101 huic
1994 1048 2229 1102 nostrae
2285 1041 2615 1102 sententiae
2661 1061 2879 1118 repug-

637 1153 778 1190 nare
836 1131 1217 1190 confessionis
1260 1129 1515 1189 Patricii
1569 1152 1897 1190 sermonem
1956 1152 2025 1190 ac
2078 1132 2299 1208 stylum
2354 1130 2643 1190 incultum
2701 1135 2881 1205 atque

638 1220 1002 1299 impeditum.
1097 1217 1293 1293 Atqui
1352 1219 1630 1280 librarios
1694 1227 1928 1280 accuset
1988 1242 2107 1280 non
2166 1220 2523 1292 Patricium,
2584 1239 2719 1277 nam
2778 1218 2882 1296 qui

638 1309 736 1366 dei
782 1313 844 1366 et
889 1309 1292 1386 apostolorum
1341 1309 1526 1368 verba
1570 1309 1634 1366 in
1681 1310 1933 1368 latinum
1990 1310 2315 1370 transferre
2370 1308 2567 1388 potuit
2612 1311 2729 1386 (ep.
2785 1309 2881 1379 11,

636 1420 696 1475 p.
749 1399 900 1473 319)
941 1397 1097 1455 idem
1155 1396 1219 1454 in
1282 1396 1486 1476 lingua
1533 1398 1722 1457 latina
1768 1397 1931 1458 rudis
1980 1404 2158 1475 atque
2202 1399 2414 1477 hospes
2462 1419 2585 1457 esse
2634 1398 2736 1456 vix
2780 1416 2882 1474 po-

639 1487 772 1547 tuit.
838 1485 1013 1560 Quod
1045 1506 1177 1544 cum
1224 1487 1603 1546 manifestum
1651 1488 1746 1560 sit,
1794 1488 2005 1548 omitto
2052 1487 2215 1565 loqui
2262 1488 2335 1547 de
2381 1487 2455 1546 iis
2504 1485 2882 1547 confessionis

637 1575 834 1634 verbis
882 1576 963 1652 (p.
1000 1576 1174 1651 298),
1243 1595 1316 1632 ex
1377 1576 1591 1652 quibus
1656 1575 1966 1636 Ebrardus
2031 1580 2112 1656 (p.
2156 1577 2283 1636 485
2332 1582 2453 1636 not.
2492 1579 2597 1652 16)
2654 1574 2885 1635 studuit

638 1665 886 1736 efficere,
937 1665 1130 1741 ipsum
1164 1662 1493 1724 Patricium
1527 1686 1653 1725 esse
1685 1668 2012 1726 confessum
2044 1688 2106 1726 se
2147 1666 2353 1724 rudem
2401 1686 2527 1725 esse
2572 1665 2637 1723 in
2680 1665 2885 1742 lingua

637 1753 840 1812 latina.
931 1754 1085 1813 Nam
1143 1754 1483 1814 obscuriora
1545 1776 1670 1814 esse
1729 1756 1835 1814 illa
1883 1757 2069 1816 verba
2128 1757 2179 1814 is
2232 1759 2359 1831 jam
2406 1754 2711 1832 cognovit,
2783 1753 2887 1830 qui

637 1842 854 1900 librum
902 1839 1389 1902 Ardmachanum
1437 1845 1814 1922 conscripsit,
1872 1866 2009 1904 nam
2056 1843 2410 1916 „incertus“‚
2459 1843 2656 1920 inquit
2702 1839 2889 1914 „liber

637 1927 772 1990 Μαί(
807 1931 909 2008 (Η.
945 1930 1062 1989 and
1093 1929 1182 1988 St.
1213 1931 1298 2005 II,
1335 1934 1391 2006 2,
1432 1954 1490 2011 p.
1526 1934 1656 1992 298
1689 1941 1811 1994 not.
1848 1936 1975 2011 21).
2037 1934 2315 1994 Profecto
2361 1933 2660 2006 incertior,
2709 1952 2887 2008 quam

638 2027 730 2091 ut,
793 2020 936 2096 quid
984 2019 1098 2078 sibi
1145 2021 1332 2078 velint
1377 2024 1590 2095 verba,
1658 2023 1928 2099 cognosci
1974 2024 2177 2100 possit.
2272 2022 2489 2099 Itaque
2536 2042 2646 2080 nec
2693 2040 2885 2081 sermo

637 2117 743 2168 aut
793 2110 978 2184 stylus
1021 2109 1402 2170 confessionis
1447 2111 1718 2188 impedit,
1765 2111 2077 2187 quominus
2109 2111 2448 2170 Palladium
2480 2111 2727 2169 eundem
2764 2129 2889 2168 esse

639 2203 911 2275 putemus
959 2203 1137 2274 atque
1184 2198 1530 2257 Patricium.

819 2286 984 2361 Quae
1033 2307 1163 2345 cum
1209 2287 1296 2346 ita
1344 2287 1477 2360 sint,
1525 2287 1626 2345 vix
1658 2287 1976 2364 disceptari
2022 2291 2241 2364 potest,
2286 2292 2488 2345 utrum
2522 2285 2704 2358 Scoti,
2753 2307 2886 2344 cum

637 2375 926 2453 Prosperi
970 2375 1369 2434 narrationem
1417 2381 1835 2452 cognoscentes
1880 2374 2211 2434 Patricium
2267 2396 2301 2432 a
2348 2373 2687 2432 Goelestino
2750 2375 2888 2432 mis-

637 2485 765 2523 sum
813 2485 937 2524 esse
984 2466 1308 2538 finxerunt,
1372 2487 1408 2525 a
1454 2465 1705 2524 veritate
1765 2464 2120 2524 deflexerint
2182 2485 2254 2522 an
2320 2463 2519 2541 potius
2580 2462 2753 2520 inscii
2814 2461 2890 2521 ad

638 2554 954 2612 veritatem
1001 2553 1279 2632 proprius
1327 2553 1683 2614 adduxerint
1728 2553 1979 2614 Patricii
2023 2553 2351 2612 historiam.

815 2643 968 2705 Nam
1001 2647 1200 2701 utrum
1232 2643 1529 2721 Prospero
1561 2663 1639 2702 an
1672 2643 1937 2704 obscuris
1969 2641 2157 2720 ipsius
2186 2641 2439 2702 Patricii
2469 2641 2669 2700 verbis
2702 2643 2891 2715 major

641 2732 786 2790 fides
849 2731 1119 2790 habenda
1181 2731 1284 2804 sit,
1349 2732 1626 2791 dubitare
1689 2733 1848 2791 licet.
1938 2731 2233 2791 Attamen
2288 2736 2515 2790 certum
2572 2736 2662 2788 est
2706 2729 2891 2788 haud-

639 2839 936 2896 quaquam
987 2819 1072 2876 ita
1123 2821 1363 2877 missum
1398 2840 1523 2878 esse
1555 2821 1887 2878 Patricium
1935 2825 2001 2877 ut
2046 2821 2479 2896 posterioribus
2524 2818 2891 2897 temporibus

640 2907 825 2984 legati
895 2906 1059 2965 missi
1127 2914 1266 2965 sunt
1342 2908 1417 2966 ab
1491 2909 1780 2986 episcopis
1848 2908 2137 2966 Romanis
2206 2910 2281 2968 ad
2350 2928 2629 2989 paganos.
2738 2906 2891 2968 Nam

647 2996 904 3054 alienum
951 3001 1040 3054 est
1085 2995 1304 3054 saeculi
1351 2995 1547 3072 quinti
1592 2998 1770 3055 rebus
1819 3015 2007 3072 neque
2056 2998 2410 3057 confessioni
2455 2996 2707 3057 Patricii
2754 3015 2888 3056 con-

635 3085 817 3163 gruit.
910 3083 1092 3143 Haud
1153 3085 1274 3144 scio
1339 3105 1415 3143 an
1475 3085 1611 3144 inde
1673 3091 1807 3144 orta
1872 3084 1953 3144 sit
2011 3085 2297 3163 Prosper-i
2357 3085 2652 3158 narratio,
2733 3085 2892 3162 quod

587 3253 590 3255 Α
636 3174 954 3248 Patricius,
1003 3194 1134 3232 cum
1180 3174 1364 3234 variis
1412 3174 1645 3234 casibus
1686 3177 1951 3250 jactatus
1999 3195 2140 3234 casu
2178 3176 2433 3235 Romam
2478 3175 2755 3247 venisset,
2802 3174 2888 3234 ibi

641 3264 887 3324 consilio
935 3283 1041 3322 suo
1089 3263 1151 3322 in
1182 3263 1540 3323 Hiberniam
1585 3263 1911 3341 navigandi
1959 3284 2093 3322 cum
2122 3263 2409 3324 Romanis
2438 3264 2535 3324 vel
2582 3285 2715 3322 cum
2760 3264 2889 3342 ipso

635 3373 812 3430 papa,
861 3353 911 3411 si
959 3355 1172 3427 mavis,
1225 3355 1655 3414 communicato
1702 3354 1763 3433 in
1810 3353 2293 3433 presbyterorum
2340 3354 2435 3412 vel
2482 3352 2889 3431 episcoporum

637 3461 942 3498 numerum
1012 3449 1285 3520 receptus
1355 3450 1462 3504 est.
1591 3443 1683 3501 At
1752 3443 2105 3520 conjecturis
2174 3442 2439 3520 gaudere
2510 3461 2601 3499 me
2670 3441 2890 3500 taedet.

636 3528 801 3605 Ergo
849 3528 992 3587 haec
1036 3530 1339 3590 hactenus.
1433 3532 1605 3591 Licet
1652 3533 1716 3590 in
1765 3531 1947 3590 dubio
2004 3530 2391 3608 relinquatur,
2451 3529 2593 3607 quid
2641 3530 2715 3587 de
2772 3531 2887 3588 sin-

637 3618 790 3694 gulis
837 3617 1122 3695 Prosperi
1168 3620 1365 3680 verbis
1405 3620 1793 3696 judicandum
1842 3619 1945 3691 sit,
2012 3619 2505 3680 verisimillimum
2551 3625 2751 3678 tamen
2798 3623 2889 3676 est

637 3706 1004 3780 Palladium,
1067 3710 1140 3768 de
1187 3730 1305 3786 quo
1352 3710 1685 3788 Prosperus
1720 3701 2089 3767 'mentionem
2134 3709 2303 3784 fecit,
2366 3709 2548 3768 alium
2594 3727 2714 3766 non
2761 3727 2888 3766 esse

635 4008 691 4058 p·
737 3991 858 4056 428,
903 3994 1020 4044 not.
1072 3990 1162 4058 17)
1210 4007 1356 4043 anno
1395 3989 1501 4044 432
1545 3988 1825 4043 Patricius
1881 3989 1941 4043 in
1986 3987 2322 4042 Hiberniam
2359 3988 2532 4042 venit.
2608 3988 2694 4042 At
2731 3988 2885 4042 dicat

637 4062 916 4130 quispiam
954 4061 1213 4128 Logairii
1252 4078 1425 4115 annos
1465 4064 1818 4128 computasse
1858 4061 2087 4114 annales
2128 4059 2494 4114 Ultonienses
2535 4063 2705 4130 (saec.
2735 4058 2879 4127 ΧΠ)

635 4150 750 4185 non
790 4134 908 4185 sine
947 4133 1146 4185 habita
1181 4130 1428 4185 Palladii
1467 4132 1733 4185 historiae
1773 4133 2009 4185 ratione.
2086 4131 2267 4200 Atqui
2316 4131 2413 4184 illo
2463 4130 2589 4184 fere
2628 4136 2885 4198 tempore

634 4203 962 4270 Logairium
1015 4220 1280 4273 regnasse
1337 4203 1687 4256 demonstrat
1736 4204 1935 4258 Gatalo
1980 4221 2041 4256 us
2095 4201 2200 4256 SS.
2253 4202 2389 4256 Hib.
2447 4207 2580 4255 ante
2639 4202 2887 4254 medium

635 4275 920 4327 saeculum
980 4281 1244 4329 octavum
1303 4275 1657 4342 conscriptus
1716 4291 1897 4342 neque
2006 4274 2204 4327 alladii
2260 4274 2603 4327 mentionem
2672 4272 2886 4326 faciens

637 4343 737 4411 (H.
779 4345 890 4398 and
931 4343 1013 4398 st.
1041 4345 1120 4411 Π,
1150 4348 1200 4411 2,
1241 4363 1295 4413 p.
1326 4345 1474 4415 292).
