3259 5084
1281 252 1763 310 -113-

580 430 715 489 Tali
779 430 953 489 modo
1018 430 1200 489 etiam
1264 429 1353 503 id,
1434 428 1593 506 quod
1659 428 1983 488 Columbae
2041 433 2104 488 et
2162 428 2454 489 sociorum
2512 434 2644 506 ejus

398 519 653 579 max-ime
698 518 1005 597 proprium
1052 524 1207 592 erat,
1253 517 1569 578 memoriae
1615 523 1953 596 exemptum
1998 522 2125 593 est.⁸
2193 518 2355 593 Quid
2399 518 2638 578 tandem

400 608 684 667 memoria
744 608 1104 668 custoditum
1177 607 1307 667 est?
1384 604 1488 665 An
1519 642 1525 647 -
1556 606 1722 665 nulla
1788 604 2216 685 posterioribus
2275 608 2640 685 temporibus

390 702 718 756 occurrunt
764 696 1018 774 vestigia
1064 694 1431 757 Columbae?
1476 696 1684 768 Nulla,
1732 714 1884 772 quae
1930 714 2310 773 cognosceres
2354 716 2562 774 pressa
2605 717 2638 755 a

400 786 701 865 peregrini
744 786 911 864 pede.
972 786 1128 849 Nam
1172 784 1429 845 vidimus
1473 785 1678 858 multa,
1726 804 1880 862 quae
1923 784 2248 844 Columbae
2293 791 2356 845 et
2401 786 2637 845 omnino

400 874 713 935 Scotorum
769 873 1015 953 propria
1050 876 1251 935 fuisse
1304 875 1607 947 dicuntur,
1671 881 1776 933 aut
1835 893 1954 933 non
2015 872 2270 933 inveniri
2324 875 2487 953 apud
2539 894 2640 933 eos

389 969 506 1023 -aut
551 964 795 1043 propria
840 982 1042 1024 eorum
1089 964 1327 1023 minime
1372 962 1578 1036 fuisse,
1641 963 1924 1023 nonnulla
1982 962 2128 1035 alia,
2189 982 2344 1040 quae
2395 964 2638 1042 propria

389 1054 665 1126 fuerunt,
734 1059 965 1113 mutato
1022 1054 1183 1111 coelo
1231 1058 1292 1111 et
1334 1052 1579 1112 mutatis
1622 1051 1990 1130 temporibus
2031 1050 2251 1112 'sensim
2297 1072 2424 1113 esse
2470 1042 2637 1117 erae,-

402 1147 601 1219 quata.
677 1142 851 1201 Licet
896 1162 1037 1221 ergo
1085 1141 1340 1201 maxima
1384 1141 1566 1201 fuerit
1611 1138 1935 1200 Columbae
1981 1141 2143 1220 apud
2187 1139 2394 1202 Gallos
2440 1147 2638 1201 aucto·

401 1230 574 1313 ritas,
634 1230 775 1289 licet
834 1230 1321 1291 monasteriorum
1335 1258 1369 1303 ,·
1412 1230 1627 1308 quibus
1674 1250 1804 1289 cum
1851 1229 2142 1289 Columba
2189 1236 2250 1289 et
2293 1228 2466 1290 sociis
2511 1233 2642 1307 ejus

393 1320 771 1380 necessitudo
800 1327 946 1392 erat,
992 1320 1267 1398 discipuli
1314 1319 1656 1379 creberrimi
1701 1318 2074 1379 ascenderint
2117 1319 2181 1377 in
2227 1319 2639 1398 episcoporum

399 1408 667 1486 gradum,
702 1444 786 1453 —
818 1408 1195 1468 nihilosecius
1240 1409 1393 1467 hanc
1438 1408 1514 1467 ob
1564 1426 1692 1467 rem
1737 1406 2050 1466 Gallorum
2096 1408 2342 1467 ecclesia
2386 1409 2462 1467 ab
2507 1409 2638 1467 uni·

400 1505 529 1557 tate
574 1498 865 1557 catholica
911 1517 1212 1576 nunquam
1258 1498 1531 1557 discessit
1586 1532 1670 1542 —
1727 1496 1943 1555 nedum
1999 1496 2319 1555 absurdum
2375 1488 2493 1555 non
2535 1505 2640 1579 ⁴est

389 1586 697 1646 :affirmare
744 1588 1024 1662 (Ebrard,
1069 1609 1129 1666 p.
1178 1588 1333 1663 322)
1378 1586 1634 1646 insulam
1678 1586 1725 1645 J
1725 1604 1900 1643 onam
1946 1583 2165 1643 saeculi
2208 1584 2447 1663 septimi
2491 1591 2636 1645 tem·

399 1676 643 1753 poribus
696 1677 1098 1757 principatum
1154 1675 1449 1752 quendam
1509 1671 1836 1733 obtinuisse
1890 1672 1952 1730 in
2012 1672 2256 1732 ecclesia
2312 1671 2638 1733 Gallorum.

398 1764 579 1838 Nam,
626 1771 696 1824 ut
741 1765 1039 1838 omittam,
1089 1765 1249 1842 quod
1293 1763 1539 1822 dubium
1586 1767 1702 1835 est,
1764 1780 1962 1821 annon
2008 1759 2359 1833 Columbae,
2419 1764 2638 1840 quippe

392 1855 685 1913 monacho
744 1854 1174 1924 Benchorensi,
1246 1851 1529 1928 quamdiu
1596 1850 1661 1909 in
1729 1850 2024 1909 Hibernia
2093 1857 2247 1923 erat,
2315 1852 2437 1910 ulla
2507 1870 2638 1911 cum

398 1941 749 1999 Hiiensibus
794 1940 1165 2000 necessitudo
1210 1940 1391 2000 fuerit
1423 1940 1520 2016 (cf.
1550 1960 1734 2017 supra
1761 1959 1820 2016 p.
1855 1939 1982 2017 55),
2015 1973 2100 1983 —
2133 1939 2408 1999 ecclesiae
2447 1938 2636 1999 Galli-

388 2047 584 2085 ·canae
628 2049 723 2087 res
770 2027 1059 2088 Columba
1103 2029 1219 2087 nisi
1262 2028 1607 2111 circuitione
1654 2028 1910 2105 quadam
1955 2033 2076 2087 non‘
2123 2028 2367 2101 curavit,
2415 2029 2556 2106 quia
2603 2051 2638 2089 a

402 2116 715 2199 mundanis
760 2117 1015 2194 negotiis
1062 2118 1209 2177 adeo
1266 2118 1650 2191 abhorrebat,
1709 2122 1779 2177 ut
1833 2138 1908 2176 ne
1962 2117 2186 2194 synodo
2240 2118 2477 2195 quidem
2531 2138 2637 2180 sua

396 2203 589 2283 ipsius
634 2224 811 2265 causa
856 2213 1251 2285 congregatae
1295 2207 1581 2267 interesse
1626 2206 1806 2268 vellet
1851 2208 1950 2283 (cf.
1981 2226 2161 2284 supra
2204 2227 2266 2286 p.
2301 2208 2429 2284 92).
2517 2207 2638 2268 Sed

400 2299 462 2352 et
516 2292 803 2354 Columba
866 2301 929 2355 et
987 2296 1133 2357 socii
1192 2300 1320 2373 ejus
1378 2297 1442 2355 in
1500 2294 1750 2356 desertis
1811 2295 2112 2369 sedentes,
2181 2296 2328 2354 nulli
2385 2297 2637 2369 molesti,

388 2400 531 2441 cum
592 2385 889 2445 seniorum
936 2405 1173 2446 suorum
1235 2386 1458 2463 regulis
1502 2385 1824 2444 manebant
1878 2404 2070 2461 neque
2123 2384 2402 2443 ecclesiae
2447 2382 2636 2443 Galli·

394 2490 581 2531 canae
625 2475 807 2533 ullam
852 2474 1143 2533 rationem
1188 2475 1515 2546 habebant,
1585 2473 1702 2532 nisi
1758 2472 1872 2544 ita,
1938 2477 2012 2529 ut
2063 2490 2185 2543 eos,
2257 2471 2360 2548 qui
2415 2472 2634 2545 eadem,

387 2578 517 2635 qua
560 2550 703 2639 ipsi,
750 2561 954 2619 mundi
1000 2569 1061 2619 et
1104 2562 1265 2619 vitae
1310 2561 1586 2621 satietate
1634 2560 1820 2637 capti,
1867 2559 2054 2618 veluti
2097 2560 2328 2639 aegroti
2371 2560 2434 2618 in
2481 2562 2634 2621 vale·

397 2648 724 2722 tudinaria,
785 2649 847 2709 in
900 2650 1261 2710 monasteria
1316 2667 1519 2709 eorum
1566 2648 2013 2725 confugiebant,
2075 2648 2520 2708 consolarentur
2574 2657 2635 2709 et

391 2756 506 2815 per
552 2756 651 2796 eos
696 2737 976 2798 ecclesiae
1020 2758 1211 2798 mores
1257 2739 1344 2797 ita
1390 2737 1702 2797 emendare
1747 2736 2079 2810 studerent,
2142 2742 2212 2797 ut
2270 2756 2450 2815 quam
2503 2740 2632 2817 plu-

396 2827 575 2887 rimos
622 2827 698 2886 ad
743 2827 930 2886 vitam
977 2828 1377 2887 monachicam
1422 2826 1769 2899 incitarent,
1825 2826 2033 2886 saltem
2077 2834 2514 2887 commoverent
2559 2829 2635 2889 ad

386 2915 832 2995 despiciendam
878 2916 1031 2975 hanc
1076 2916 1285 2990 vitam,
1316 2916 1415 2975 de
1460 2934 1580 2992 qua
1624 2915 1914 2975 Columba
1955 2933 2074 2975 non
2117 2914 2236 2975 vita
2279 2934 2363 2987 08,
2420 2916 2633 2995 inquit,

385 3003 501 3064 sed
544 3003 641 3064 via
686 3006 881 3081 (instr.
930 3005 985 3078 5,
1032 3005 1189 3065 Bibl.
1238 3026 1387 3065 max.
1434 3004 1586 3077 XII,
1634 3026 1692 3083 p.
1745 3006 1867 3081 13).

575 3094 864 3152 Attamen
912 3093 1224 3167 Columba,
1272 3116 1404 3153 cum
1450 3102 1605 3155 esset
1651 3093 1746 3153 vir
1789 3100 2085 3166 strenuus,
2132 3092 2362 3151 sincera
2406 3092 2632 3170 pietate

391 3186 462 3240 et
514 3182 831 3241 sanctitate
888 3182 1161 3255 eximius,
1224 3190 1285 3241 et
1341 3203 1471 3241 cum
1526 3183 1825 3259 permulta
1887 3200 1956 3239 eo
2017 3187 2256 3239 auctore
2315 3180 2380 3239 in
2435 3180 2631 3241 Gallia

386 3269 901 3329 -constituerentur
945 3272 1327 3344 monasteria,
1383 3271 1699 3329 maximam
1745 3271 1808 3328 in
1855 3269 2099 3329 ecclesia
2145 3268 2454 3329 Gallorum
2499 3290 2632 3330 con-

386 3364 633 3418 secutus
688 3365 778 3418 est
826 3358 1257 3419 auctoritatem.
1348 3359 1483 3418 Hoc
1539 3358 1739 3437 ipsum
1791 3358 2167 3417 manifestum
2221 3364 2312 3418 est
2367 3378 2440 3417 ex
2474 3380 2630 3419 ,0011-

394 3446 605 3507 fitendi
670 3449 901 3507 ratione
970 3447 1187 3509 sensim
1261 3448 1689 3526 paullatimque
1761 3454 2137 3507 commutata.
2252 3445 2629 3526 Singulorum

384 3536 553 3595 -enim
606 3545 982 3616 peccatorum
1040 3537 1327 3599 confessio
1380 3542 1589 3616 postea
1643 3536 1704 3594 in
1761 3537 2074 3596 universae
2128 3537 2405 3596 eeclesiae
2458 3556 2630 3597 usum

388 3633 651 3706 recepta,
715 3626 1051 3704 antiquitus
1093 3626 1156 3685 in
1202 3626 1455 3686 ecclesia
1491 3626 1672 3685 moris
1717 3645 1835 3684 non
1881 3630 2034 3697 erat3
2103 3626 2386 3703 neglectis
2430 3627 2630 3705 potius

395 3714 717 3774 levioribus
772 3714 1061 3794 peccatis,
1130 3718 1320 3775 solum
1380 3734 1451 3775 ea
1512 3715 1762 3775 curabat
1821 3715 2090 3788 ecclesia,
2146 3732 2298 3791 quae
2357 3717 2629 3793 publicae

385 3802 703 3863 offensioni
748 3811 935 3863 erant.
998 3801 1190 3863 Alius
1236 3810 1367 3865 erat
1411 3804 1694 3865 ecclesiae
1739 3803 2050 3864 Scotorum
2095 3824 2248 3863 mos.
2328 3804 2428 3862 Ibi
2473 3806 2628 3864 enim

395 3911 521 3951 mos
566 3892 889 3953 confitendi
942 3892 1180 3971 singula
1234 3897 1479 3971 peccata
1538 3913 1658 3952 non
1719 3893 1906 3953 solum
1965 3893 2220 3952 usitatus
2281 3901 2410 3952 erat
2469 3893 2629 3972 apud

394 3968 711 4041 monachos
756 3980 909 4058 (Col.
954 4001 1077 4059 reg.
1124 4001 1287 4041 coen.
1333 4002 1381 4041 0.
1434 3982 1493 4039 1.
1533 3981 1694 4041 Bibl.
1739 4001 1894 4041 max.
1932 3983 2030 4055 12,
2075 4004 2134 4061 p.
2169 3984 2233 4058 6)
2281 3981 2384 4040 sed
2429 3981 2628 4055 etiam,

395 4074 464 4129 ut
508 4090 689 4150 supra
734 4072 817 4149 (p.
868 4069 976 4148 65)
1030 4073 1156 4147 jam
1213 4069 1467 4131 vidimus
1522 4076 1585 4129 et
1626 4076 1698 4131 ut
1743 4091 2094 4173 cognoscere
2149 4070 2290 4128 licet
2343 4089 2415 4127 ex
2458 4069 2629 4129 libris

389 4158 918 4241 poenitentialibus
966 4158 1255 4220 Vinniani
1300 4166 1361 4221 01
1406 4156 1757 4232 Columbae,
1817 4160 1882 4219 in
1929 4160 2207 4219 ecclesiae
2252 4177 2421 4217 usum
2465 4164 2626 4217 tran-

395 4248 591 4309 sierat.
684 4248 803 4322 Qui
856 4246 1170 4309 Scotorum
1224 4268 1349 4310 mos
1403 4248 1696 4325 quomodo
1749 4247 1814 4307 in
1866 4244 2138 4307 universa
2193 4246 2439 4307 ecclesia
2495 4266 2626 4325 per-

281 4325 285 4329 ’
388 4338 721 4411 crebuerit,
782 4337 1203 4415 quaerentibus
1263 4358 1383 4398 non
1427 4336 1638 4398 dubito
1685 4357 1818 4397 cum
1861 4333 2193 4413 Loeningio
2253 4336 2626 4415 respondere,

2166 4438 2200 4494 8
