3259 5084
1278 252 1716 314 -49-

379 436 540 511 Quid
611 436 850 510 mirum,
923 437 1081 512 quod
1149 436 1212 494 in
1282 437 1434 494 libro
1498 435 1920 494 Ardmachano
1988 435 2099 493 hoc
2166 437 2294 495 loco
2366 435 2618 514 margini

377 526 699 603 ascriptum
747 531 861 586 est:
909 523 1198 596 „incertus
1227 524 1406 586 liberss‘
1438 525 1542 601 (H.
1577 524 1696 584 and
1728 524 1814 583 St.
1845 524 1931 598 ΙΙ,
1968 525 2023 597 2,
2056 547 2115 602 p.
2150 526 2276 584 300
2310 532 2432 584 not.
2472 526 2621 603 15)?

379 614 523 692 quid
569 615 800 687 mirum,
849 615 1007 691 quod
1052 615 1202 672 illud
1246 634 1359 685 „ex
1402 635 1443 672 a
1491 608 1762 674 Gallias“
1805 613 1868 672 in
1914 614 2114 672 codice
2160 635 2316 675 mon.
2366 613 2453 673 St.
2500 615 2618 674 Ve-

377 704 558 775 dasti,
624 723 739 780 quo
795 703 1122 762 Bollandus
1177 724 1319 762 usus
1375 709 1466 763 est
1521 704 1625 780 (H.
1660 703 1777 760 and
1810 702 1896 761 St.
1929 704 1967 760 l.
2001 704 2103 778 c.)‚
2150 703 2427 762 omissum
2490 703 2621 762 est?

381 793 607 866 Quodsi
655 794 937 852 nonnulla
984 793 1218 851 omissa‘
1245 799 1384 852 sunt
1417 827 1497 836 ——-
1532 813 1725 868 neque
1771 791 2047 850 dubitare
2093 791 2251 864 licet,
2299 793 2443 870 quin
2490 813 2621 869 per-

379 883 566 940 multa
613 883 826 940 omissa
871 882 1020 956 sint,
1082 903 1216 940 nam
1263 882 1498 960 saepius
1543 882 1608 941 in
1654 883 1808 940 libro
1854 880 2273 940 Ardmachano
2320 882 2623 940 invenitur

376 977 473 1040 „et
500 967 764 1052 reliqua“
795 971 899 1046 (H.
926 970 1045 1030 and
1067 969 1154 1029 St.
1188 971 1273 1044 II,
1309 972 1365 1043 2,
1398 993 1455 1049 p.
1485 971 1608 1029 307
1645 978 1768 1029 not.
1796 971 1878 1027 28
1906 975 1967 1028 et
1992 971 2099 1046 31)
2132 1005 2228 1043 —-,
2261 970 2401 1028 licet
2430 971 2619 1048 suspi-

379 1059 502 1117 cari
548 1060 729 1120 etiam
776 1060 848 1117 de
893 1060 1212 1118 itineribus
1257 1059 1508 1119 Patricii
1552 1080 1661 1137 per
1706 1058 1935 1117 Gallias
1982 1065 2163 1135 atque
2194 1059 2433 1118 Italiam
2480 1059 2619 1117 olim

375 1149 438 1206 in
487 1149 853 1208 confessione
898 1150 1142 1227 planum
1189 1170 1257 1208 ac
1305 1149 1529 1208 clarum
1575 1148 1981 1208 testimonium
2026 1147 2289 1226 potuisse
2348 1148 2620 1208 inveniri.

375 1238 530 1298 Nam
585 1239 775 1296 adhuc
833 1239 1008 1299 hodie
1066 1239 1128 1296 in
1182 1239 1330 1316 ipsis
1385 1239 1636 1298 Patricii
1693 1238 1933 1316 scriptis
1994 1257 2113 1296 non
2157 1238 2397 1310 desunt,
2470 1258 2621 1314 quae

377 1327 772 1404 suspicionem
844 1332 1125 1388 moveant
1185 1334 1485 1386 auctorem
1554 1329 1616 1386 in
1687 1327 1869 1386 Italia
1938 1327 2122 1386 fuisse
2181 1333 2621 1386 commoratum.

376 1415 612 1488 Nonne,
671 1417 721 1475 si
768 1417 1037 1476 audimus
1083 1416 1413 1475 Patricium
1461 1417 1780 1475 dicentem:
1849 1435 2033 1474 manu
2086 1434 2217 1475 mea
2272 1413 2483 1494 scm'psi
2512 1459 2524 1473 .
2558 1460 2571 1474 .
2607 1459 2620 1473 .

375 1501 548 1563 verba
591 1503 699 1564 ista
731 1506 1070 1583 (epistulae)
1105 1504 1309 1565 danda
1353 1525 1425 1565 ac
1469 1505 1763 1566 tradenda
1808 1501 2082 1563 militibus
2126 1503 2407 1564 ‘mittenda
2442 1501 2618 1564 Coro-

376 1591 500 1663 tici,
560 1613 676 1653 non
721 1593 853 1653 dico
899 1592 1112 1654 civibus
1156 1593 1298 1654 meis
1343 1603 1511 1676 atque
1555 1592 1768 1654 civibus
1812 1601 2147 1653 sanctorum
2191 1589 2622 1664 Romanorum,

376 1681 478 1741 sed
510 1725 525 1739 .
562 1727 574 1739 .
607 1727 620 1740 .
654 1685 772 1761 (ep.
810 1685 864 1757 1,
894 1704 954 1760 p.
990 1684 1143 1759 314)
1175 1685 1271 1742 vel
1315 1684 1658 1743 laudantem
1705 1683 2184 1742 consuetudinem
2216 1682 2622 1741 Romanorum

377 1773 476 1846 (cf.
539 1775 772 1850 supra),
843 1773 1262 1849 suspicandum
1333 1779 1424 1832 est
1492 1774 1755 1860 aliquam
1814 1793 2077 1848 unquam
2138 1770 2623 1830 consuetudinem

379 1861 560 1918 fuisse
605 1860 872 1920 Patricio
922 1882 1054 1918 cum
1097 1861 1426 1920 Romanis?
1472 1861 1665 1919 Immo
1711 1861 1871 1919 haud
1917 1861 2036 1920 scio
2086 1881 2162 1918 an
2208 1860 2387 1918 liceat
2432 1859 2620 1937 suspi-

382 1950 506 2006 cari
551 1949 747 2025 ipsum
795 1956 1121 2022 auctorem,
1178 1950 1281 2025 qui
1329 1951 1563 2026 saepius
1612 1971 1643 2008 e
1690 1949 1976 2008 servitute
2024 1949 2339 2007 liberatum
2388 1970 2449 2007 se
2498 1969 2621 2007 esse

382 2037 649 2110 tradidit,
697 2058 732 2094 a
780 2036 970 2096 Gallis
1017 2039 1111 2097 vel
1157 2038 1446 2098 Romanis
1493 2059 1617 2098 esse
1665 2039 2053 2115 redemptum.

561 2127 728 2199 Quae
776 2147 906 2184 cum
953 2126 1038 2185 ita
1084 2127 1232 2200 sint,
1279 2128 1693 2203 gravissimum
1742 2147 1865 2186 esse
1912 2133 2059 2204 puto
2107 2127 2255 2185 illud
2303 2127 2622 2186 Tirechani

381 2215 475 2288 (cf.
517 2235 696 2290 supra
737 2236 794 2292 p.
841 2216 950 2291 37)
997 2216 1190 2293 ipsum
1252 2217 1581 2275 Patricium
1652 2217 1871 2276 dixisse
1942 2216 2003 2274 in
2072 2217 2621 2276 commemoratione

376 2303 648 2362 laborum
707 2324 832 2362 sese
893 2305 1203 2380 navigasse
1262 2326 1372 2383 per
1419 2304 1680 2364 Galliam
1742 2312 1923 2381 atque
1977 2304 2221 2364 Italiam
2275 2310 2465 2365 totam
2512 2311 2621 2364 etc.

377 2393 531 2453 Nam
580 2393 712 2467 quis
759 2399 935 2469 neget
991 2394 1214 2470 optime
1270 2395 1564 2471 quadrare
1610 2396 1795 2454 verba
1850 2394 1953 2453 illa
2008 2394 2195 2472 ipsius
2242 2394 2623 2454 confessionis

378 2481 750 2540 narrationi?
820 2482 980 2554 Quin
1029 2483 1209 2540 etiam
1255 2483 1500 2541 dubium
1548 2491 1639 2542 est
1686 2504 1761 2541 an
1806 2483 1987 2542 liceat
2032 2483 2321 2559 suspicari
2367 2503 2435 2541 eo
2491 2482 2621 2559 ipso

378 2571 532 2642 loce,
599 2591 713 2646 quo
761 2570 1019 2629 vitarum
1066 2573 1382 2630 nonnullae
1440 2573 1842 2630 narrationem
1890 2571 1961 2628 de
2009 2571 2322 2629 itineribus
2366 2571 2484 2629 illis
2532 2571 2620 2628 in-

303 2697 312 2704 ·
380 2667 587 2718 serunt
632 2660 731 2732 iis,
797 2679 947 2734 quae
994 2679 1066 2716 ex
1112 2660 1475 2718 confessione
1523 2665 1916 2738 sumpserunt,
1964 2659 2103 2716 olim
2149 2659 2211 2716 in
2259 2659 2622 2718 confessione

379 2749 603 2825 scripta
648 2749 830 2808 fuisse
876 2750 1057 2807 verba
1104 2748 1225 2807 illa.
1315 2748 1468 2810 Nam
1516 2736 1606 2806 eo¹
1632 2750 1762 2827 ipso
1811 2750 1964 2821 loce,
2012 2769 2128 2824 quo
2184 2755 2461 2807 narratur
2504 2748 2620 2806 Pa-

379 2838 586 2896 tricius
633 2837 918 2896 servitute
965 2837 1252 2896 liberatus
1301 2838 1384 2896 28
1433 2838 1558 2896 dies
1606 2838 1840 2896 deserta
1885 2839 2015 2896 loca
2060 2857 2434 2916 peragrasse,
2498 2858 2618 2896 om-

379 2927 541 2983 nium
599 2927 863 2985 codicum
910 2927 1092 2986 verba
1149 2927 1402 3000 mendis,
1472 2927 1698 2986 lacunis
1756 2932 1815 2984 et
1872 2927 2293 2988 additamentis
2338 2934 2621 3004 corrupta

381 3035 505 3074 esse
577 3016 767 3073 videri
839 3036 1020 3094 supra
1081 3018 1208 3090 jam
1277 3016 1446 3092 quasi
1515 3023 1968 3094 praetereuntes
2038 3016 2621 3075 commemoravimus

382 3105 462 3180 (p.
497 3104 577 3161 47
614 3106 857 3180 annot).
935 3104 1253 3162 Praeterea
1300 3124 1496 3163 secum
1552 3110 1792 3183 reputet
1844 3106 2163 3164 benevolus
2218 3105 2405 3163 lector
2460 3105 2621 3162 dicta

379 3192 484 3250 illa
527 3192 796 3264 Patricii,
861 3193 1074 3269 quibus
1121 3193 1484 3253 Tirechanus
1531 3214 1671 3254 usus
1717 3201 1825 3265 est,
1888 3195 2095 3252 saltem
2140 3193 2215 3251 iis
2260 3192 2478 3250 similia
2524 3213 2619 3250 ex·

379 3287 537 3340 stare
581 3282 645 3339 in
677 3281 881 3340 eodem
921 3282 1076 3339 libro
1109 3281 1546 3355 ArdmachanO,
1592 3283 1656 3339 in
1703 3303 1821 3358 quo
1868 3281 2179 3352 confessi03
2228 3301 2369 3357 ergo
2416 3281 2621 3340 eodem

372 3374 504 3445 jure
561 3378 698 3430 sunt
757 3376 1009 3446 utraque
1065 3371 1273 3443 verba,
1338 3371 1481 3446 quin
1535 3371 1718 3428 etiam
1774 3370 2141 3429 Tirechanus
2194 3369 2299 3427 illa
2357 3369 2620 3429 Patricio

381 3460 676 3533 attribuit,
724 3461 901 3533 hanc,
951 3459 1140 3537 qualis
1187 3480 1342 3518 nunc
1389 3466 1611 3532 exstat,
1660 3480 1695 3517 a
1742 3459 2007 3518 Patricio
2056 3459 2449 3538 conscriptam
2496 3480 2621 3520 esse

380 3550 677 3608 affirmare
722 3569 842 3606 non
889 3549 1105 3627 potuit.
1196 3548 1475 3623 Accedit,
1525 3549 1712 3625 quod,
1770 3569 1899 3607 cum
1946 3570 1981 3607 a
2026 3547 2195 3606 Fieci
2238 3549 2455 3625 hymno
2503 3569 2618 3607 non

380 3646 537 3698 recte
598 3639 900 3698 intellecto
963 3639 1130 3714 origo
1180 3659 1379 3697 eorum
1441 3639 1635 3715 repeti
1693 3659 1811 3696 non
1871 3637 2091 3715 possit,
2162 3659 2237 3696 ne
2281 3641 2621 3714 conjectura

383 3728 620 3804 quidem
668 3728 950 3804 augurari
993 3747 1322 3805 possumus,
1370 3748 1473 3787 cur
1519 3729 1614 3787 vel
1669 3748 1705 3785 a
1761 3747 1876 3803 quo
1921 3726 2063 3786 ficta
2115 3727 2237 3785 sint
2283 3727 2441 3786 dieta
2498 3727 2619 3785 illa.

380 3817 533 3877 Nam
590 3817 641 3876 si
696 3818 836 3876 ficta
891 3822 1113 3888 essent,
1173 3824 1242 3874 ut
1287 3817 1551 3876 Patricio
1607 3837 1740 3875 cum
1796 3817 2083 3874 Romanis
2138 3817 2621 3876 consuetudinem

381 3907 561 3964 fuisse
620 3907 1124 3979 demonstrarent,
1191 3906 1375 3982 ipsius
1428 3905 1657 3964 Romae
1720 3905 1887 3965 urbis
1950 3905 2171 3964 mentio
2234 3907 2397 3964 facta
2448 3911 2620 3964 esset.

380 3994 486 4053 An
532 3995 707 4051 illud:
755 3994 828 4053 cle
872 3991 1100 4053 saeculo
1143 3992 1490 4075 requie-sistis
1521 3994 1604 4054 ad
1634 3992 2031 4054 Paradissum
2075 3992 2183 4054 deo
2225 3993 2451 4075 qratias
2496 4012 2618 4051 aec-

382 4080 557 4148 clesia
601 4080 912 4142 Scotorum
954 4081 1136 4142 immo
1183 4080 1613 4154 Romanorum,
1658 4093 1722 4142 ut
1756 4080 2082 4144 Christiani
2126 4082 2209 4142 ita
2253 4091 2315 4141 ut
2361 4079 2627 4142 Romani

381 4170 506 4232 sitis
547 4216 560 4231 .
593 4216 606 4231 .
641 4216 654 4229 .
689 4216 702 4230 .
749 4192 1102 4248 propensam
1163 4173 1557 4250 posteriorum
1616 4173 1680 4231 in
1741 4173 2041 4232 Romanos
2103 4173 2471 4230 voluntatem
2532 4191 2621 4228 re-

385 4263 580 4320 dolere
625 4259 840 4339 putas?
888 4259 979 4319 At
1023 4261 1166 4319 haec
1213 4263 1396 4322 verba
1441 4282 1573 4319 cum
1617 4261 1917 4337 prioribus
1958 4279 2273 4338 perperam
2304 4262 2623 4334 conjuncta

384 4359 548 4426 sunt,
609 4373 744 4410 nam
792 4350 896 4408 illa
941 4347 1003 4406 in
1047 4348 1585 4410 commemor-atione
1640 4345 1903 4409 laborum
1950 4351 1985 4408 i.
2035 4370 2082 4406 e.
2130 4349 2193 4406 in
2240 4348 2622 4421 confessione,

2160 4451 2197 4504 4
