3259 5084
1249 257 1738 314 -109—

372 440 621 515 quartus
686 436 871 495 codex
931 434 1328 493 numerandus
1389 442 1507 506 est,
1588 434 1788 492 adhuc
1854 434 2138 508 ineditus,
2220 433 2630 513 Sangallensis

369 526 513 585 Nro.
550 522 681 583 915
730 544 881 585 saec.
925 524 991 581 X
1036 525 1132 583 vel
1176 523 1294 596 XI,
1340 524 1405 581 in
1453 542 1571 601 quo
1617 529 1770 583 teste
1819 521 2138 583 Scherrero
2185 524 2628 601 (Verzeichniss

370 614 477 673 der
535 613 1008 676 Handschriften
1068 612 1177 671 der
1236 612 1750 672 Stiftsbibliotbek
1812 632 1928 671 von
1991 611 2080 671 St.
2139 611 2369 672 Gallen.
2438 614 2626 672 1875.

367 725 426 781 p.
474 704 628 778 337)
692 703 896 761 eadem
956 707 1161 760 nostra
1216 702 1423 779 regula
1484 701 1845 760 coenobialis
1899 702 2207 761 invenitur
2259 723 2330 760 ac
2389 702 2626 779 quidem

370 791 669 851 simillima
716 790 976 851 breviori
1020 791 1111 848 illi
1155 792 1404 861 formae,
1470 811 1622 867 quae
1681 812 1754 849 ex
1811 790 2113 850 codicibus
2160 790 2517 868 Augustano
2566 797 2630 851 et

370 880 766 940 Oxenhusano
812 880 1073 959 primum
1118 900 1153 938 a
1184 880 1499 957 Flemingo
1547 878 1762 939 deinde
1805 880 1869 938 in
1900 878 2061 938 Bibl.
2094 898 2246 938 max.
2279 880 2416 937 XII
2463 879 2626 939 edita

371 976 463 1030 est
505 970 608 1045 (cf.
654 970 931 1045 Loening
975 967 1065 1041 II,
1110 990 1171 1046 p.
1219 969 1348 1027 433
1398 974 1519 1028 not.
1576 971 1654 1044 1).
1681 968 1708 1005 ¹

550 1060 719 1133 Quae
766 1079 899 1117 cum
942 1058 1031 1116 ita
1084 1059 1223 1129 sint,
1271 1058 1553 1117 adversus
1598 1058 1940 1117 Ebmrdum
1986 1060 2069 1137 (p.
2111 1058 2262 1133 149)
2308 1056 2622 1116 dicendum

370 1155 462 1209 est
514 1148 786 1225 regulam
846 1148 1009 1205 illam
1070 1146 1471 1206 coenobialem
1526 1153 1787 1223 quatuor
1847 1146 2150 1206 codicibus
2210 1146 2272 1204 in
2334 1146 2426 1205 his
2473 1144 2620 1205 San-

370 1237 621 1315 gallensi
665 1236 838 1297 nobis
881 1235 1193 1308 traditam,
1242 1235 1334 1295 bis
1382 1234 1706 1295 Columbae
1752 1236 2136 1308 attributam,
2197 1235 2262 1295 in
2310 1234 2622 1295 Scotorum

368 1326 725 1386 monasterio
757 1323 1131 1402 Sangallensi
1160 1321 1473 1405 „reyulam
1502 1322 1890 1385 coenobialem
1909 1332 2199 1407 patrm“
2220 1323 2246 1359 ²
2274 1324 2621 1401 inscriptam

371 1415 694 1476 Columbae
736 1413 1192 1491 abjudicandam
1239 1433 1357 1473 non
1402 1433 1547 1487 esse,
1592 1414 1712 1473 nisi
1755 1414 2109 1490 gravissima
2155 1413 2398 1472 obstant
2445 1434 2619 1489 argu·

369 1511 587 1565 menta.
682 1502 802 1563 Sed
846 1508 1085 1563 tantum
1132 1504 1327 1575 abest,
1373 1510 1444 1564 ut
1488 1503 1747 1581 proferri
1791 1501 2024 1579 possint
2068 1507 2420 1577 argumenta
2467 1522 2621 1561 com-

368 1593 795 1653 memoratione
842 1592 1040 1670 digna,
1089 1612 1242 1667 quae
1286 1593 1555 1669 regulam
1601 1592 1766 1649 illam
1813 1611 1850 1649 a
1887 1590 2178 1650 Columba
2223 1590 2616 1667 conscriptam

369 1704 489 1743 non
534 1702 659 1743 esse
707 1682 1123 1759 comprobent,
1178 1682 1251 1739 ut
1297 1679 1782 1740 luculentissimis
1828 1678 2185 1739 testimoniis
2233 1677 2620 1756 comprobare

368 1772 662 1852 possimus
708 1770 1059 1831 Columbam
1104 1770 1347 1845 regulae
1390 1768 1551 1827 illius
1596 1775 1900 1827 auctorem
1945 1766 2144 1829 fuisse.

547 1859 817 1918 Primum
862 1858 1019 1916 enim
1065 1857 1379 1916 nonnullos
1421 1858 1637 1934 mores,
1687 1856 1790 1932 qui
1838 1856 2138 1935 conspicui
2169 1855 2448 1915 videntur
2491 1860 2618 1915 'esse

370 1950 461 2021 iis,
510 1946 615 2023 qui
660 1946 927 2021 regulam
976 1944 1376 2003 coenobialem
1416 1945 1640 2021 legunt,
1687 1951 1922 2004 constat
1963 1944 2027 2003 in
2071 1964 2183 2004 usu
2228 1945 2410 2004 fuisse
2457 1944 2617 2022 apud

372 2036 601 2106 Scotos,
647 2033 711 2091 in
756 2032 849 2093 his
886 2033 1048 2109 quod
1076 2032 1349 2092 cochlear
1393 2032 1716 2111 signabant
1760 2034 1929 2111 signo
1977 2034 2183 2107 crucis,
2231 2033 2393 2111 quod
2437 2034 2613 2093 bene-

372 2122 690 2183 dictionem
751 2120 977 2181 dabant
1031 2128 1093 2181 et
1149 2122 1551 2200 ingredientes
1602 2122 1808 2183 domos
1864 2132 1926 2184 et
1986 2123 2383 2201 egredientes,
2455 2122 2614 2201 quod

370 2219 539 2273 extra
592 2209 831 2269 modum
884 2211 1211 2289 prodibant
1263 2211 1328 2269 in
1384 2212 1696 2272 cantandis
1749 2212 1992 2291 psalmis
2045 2218 2110 2272 et
2165 2212 2284 2271 alia
2330 2214 2428 2289 (cf.
2474 2212 2612 2271 Fle-

367 2300 547 2377 ming,
593 2320 651 2377 p.
684 2299 787 2373 25,
835 2299 1065 2374 Hei-tel,
1112 2322 1172 2379 p.
1206 2300 1335 2359 438
1368 2323 1454 2379 sq.
1488 2309 1549 2361 et
1588 2322 1770 2380 supra
1809 2323 1866 2379 p.
1903 2304 2030 2379 70).
2121 2302 2213 2361 At
2256 2322 2475 2361 novum
2523 2306 2614 2360 est

368 2397 429 2449 et
474 2389 633 2466 quod
680 2388 742 2465 ii,
792 2389 896 2465 qui
941 2390 1075 2448 illos
1106 2410 1297 2449 mores
1329 2393 1740 2468 neglexerunt,
1785 2392 1994 2467 poenis
2037 2389 2381 2449 afficiuntur
2421 2389 2617 2464 -iisque

365 2478 734 2556 gravissimis
766 2512 849 2525 --—
882 2479 1167 2554 vapulare
1214 2479 1371 2537 enim
1412 2480 1565 2555 jussi
1610 2486 1754 2538 sunt
1791 2478 2050 2536 12—50
2081 2474 2616 2556 ,‚percussionibus“

368 2599 452 2611 -—
496 2574 561 2626 et
614 2566 777 2642 quod
834 2565 965 2642 ipsa
1024 2566 1128 2624 illa
1187 2566 1381 2625 inanis
1440 2566 1738 2643 psallendi
1805 2567 1960 2626 ratio
2029 2566 2116 2624 ita
2175 2566 2494 2625 insum-itur
2551 2566 2615 2623 in

364 2674 635 2733 poenam,
680 2660 749 2712 ut
792 2654 1015 2727 tribus,
1065 2658 1347 2730 quatuor,
1392 2655 1487 2713 vel
1534 2654 1620 2712 24
1667 2654 1910 2732 psalmis
1958 2653 2266 2714 cantandis
2307 2654 2615 2733 poeniten-

365 2744 515 2804 tiam
558 2762 737 2820 agere
783 2743 1057 2802 monachi
1094 2743 1440 2818 jubeantur.
1516 2741 1640 2803 sed
1683 2762 1876 2819 neque
1921 2742 2032 2802 hoc
2081 2761 2272 2819 neque
2317 2742 2466 2801 illud
2511 2743 2614 2801 ad-

366 2830 669 2892 mirationi
696 2849 829 2891 esse
860 2832 1057 2892 debet.
1118 2829 1223 2890 An
1253 2832 1462 2909 negari
1490 2837 1708 2910 potest,
1753 2832 1916 2891 illam
1962 2832 2258 2911 psallendi
2303 2832 2618 2904 rationem,

368 2940 485 3003 qua
528 2919 700 2980 Soet-i
744 2921 807 2979 in
854 2920 1079 2998 vigiliis
1120 2922 1451 2982 utebantur
1493 2922 1593 2998 (cf.
1639 2921 1896 2995 Ebnard,
1943 2943 2000 3001 p.
2045 2922 2180 2982 288
2211 2924 2387 2999 sqq.),
2434 2921 2616 2981 etiam

365 3012 456 3084 iis,
503 3011 604 3087 qui
636 3010 816 3089 culpa
844 3011 1159 3083 vacabant,
1206 3010 1366 3070 haud
1411 3010 1591 3071 dubie
1639 3010 1831 3089 magis
1875 3011 2178 3071 molestiae
2223 3011 2404 3073 fuisse
2437 3030 2615 3087 quam

366 3099 612 3177 pietatis
659 3099 1112 3159 exercitationi?
1180 3099 1416 3177 Neque,
1477 3101 1623 3178 quin
1669 3099 1850 3159 moris
1895 3100 2078 3159 fuerit
2124 3098 2436 3159 Scotorum
2483 3118 2614 3157 ver-

364 3186 607 3247 beribus
652 3187 1123 3247 animadvertere
1166 3187 1233 3247 in
1274 3209 1377 3248 eos
1425 3190 1528 3267 qui
1572 3188 1984 3249 inobedientes
2024 3190 2288 3259 fuerant,
2346 3185 2616 3245 dubitari

364 3282 591 3357 potest,
654 3276 927 3353 quamvis
986 3275 1297 3336 Ebrardus
1346 3278 1722 3354 (zeitschrift
1767 3278 1866 3335 fiir
1911 3276 2118 3336 histor.
2163 3274 2371 3335 Theol.
2427 3272 2622 3349 1875,-

364 3386 424 3445 p.
476 3364 635 3442 504)
703 3364 830 3424 sine
891 3366 1013 3423 ulla
1082 3385 1259 3425 causa
1319 3366 1580 3425 Hertelii
1639 3372 1996 3442 argumenta
2053 3371 2360 3441 tamquam
2400 3360 2618 3425 -stulta

362 3460 626 3533 respuat,
674 3454 835 3531 quod
876 3454 1203 3527 Hem-telius,
1249 3473 1405 3531 quae
1446 3455 1521 3514 de
1566 3454 1770 3533 pueris
1813 3453 2242 3533 vapulantibus
2285 3454 2448 3513 dicta
2493 3453 2616 3513 sint

364 3542 429 3601 in
474 3544 603 3603 vita
647 3542 937 3603 Walarici
982 3542 1087 3617 32,
1132 3544 1293 3604 nab.
1338 3544 1425 3618 II,
1462 3564 1609 3603 ann.
1659 3544 1805 3617 627,
1852 3566 1908 3622 p.
1956 3542 2062 3618 87,
2111 3544 2418 3621 acceperit
2462 3550 2617 3603 tam·

547 3790 566 3820 ²
608 3787 889 3857 Delegavi
925 3789 1169 3859 lectores
1206 3789 1281 3843 ad
1318 3790 1480 3843 illum
1520 3788 1826 3861 Loeningii
1864 3788 2082 3853 locum,
2140 3791 2204 3843 ut
2253 3787 2462 3852 sciant,
2522 3786 2616 3841 cui

367 3858 629 3924 debeam,
683 3858 835 3929 quod
864 3859 1083 3913 codicis
1122 3853 1273 3912 illius
1313 3858 1704 3929 Sangallensis
1741 3859 2005 3915 notitiam
2039 3859 2252 3923 habac,
2290 3888 2358 3899 —
2397 3874 2512 3912 non
2549 3862 2613 3913 ut

366 3929 478 3996 ipsi
515 3928 601 3981 illi
640 3924 941 4001 Loeningii
979 3930 1335 3983 annotationi
1374 3930 1545 3985 fidem
1582 3932 1848 3987 habeant.
1925 3928 2072 3984 Nam
2117 3930 2283 3984 multi
2333 3947 2397 3983 ac
2445 3929 2613 3982 mira-

365 3999 509 4053 biles
546 4000 605 4053 in
642 4000 800 4053 illam
837 4001 1259 4055 annotationem
1285 4002 1569 4071 irrepsere
1596 4018 1834 4066 errores,
1875 4014 2032 4072 quos,
2073 4019 2202 4056 cum
2225 4001 2421 4053 malim
2448 4002 2613 4069 typo-

366 4072 585 4124 thetam
622 4088 790 4139 quam
827 4070 1013 4141 ipsum
1049 4072 1232 4126 virum
1269 4072 1662 4127 doctissimum
1710 4073 2096 4145 negligentiae
2135 4087 2396 4126 accusare
2414 4111 2427 4136 ,
2479 4087 2616 4125 enu-

366 4158 587 4196 merare
624 4140 765 4195 mihi
799 4146 1124 4210 pertaesum
1163 4145 1267 4197 est.

547 4214 570 4246 ²
607 4212 696 4268 De
733 4212 842 4267 hoc
880 4212 1077 4269 codice
1112 4231 1263 4269 nunc
1300 4215 1474 4269 etiarn
1512 4212 1804 4269 Ebrardus
1849 4216 2027 4269 verba
2074 4212 2213 4268 fecit
2248 4211 2610 4281 (Bonifatius,

366 4302 423 4353 p.
466 4286 575 4355 13),
634 4284 733 4339 sed
790 4285 899 4349 ita,
958 4289 1023 4338 ut
1060 4285 1231 4341 etiam
1290 4288 1342 4340 si
1386 4302 1638 4355 possem,
1723 4287 2046 4342 dubitarem
2100 4283 2359 4353 pluribus
2419 4283 2474 4335 ei
2525 4298 2613 4337 re·

363 4372 635 4427 pugnare.
