3259 5084
1521 277 1957 345 —30...

577 457 584 466 ’
623 462 1025 522 controversia
1087 463 1408 541 composita
1466 471 1572 524 est.
1664 465 1829 542 Ergo
1874 465 2033 523 ultra
2079 463 2377 523 saeculum
2424 471 2698 524 octavum
2745 483 2863 524 non

621 553 1088 630 progrediemur.
2014 557 2023 566 ⁶

800 641 968 700 Haec
1027 642 1229 720 priora
1288 642 1567 702 ecclesiae
1613 641 1926 701 Scotorum
1988 642 2221 700 saecula
2282 642 2510 701 duabus
2568 643 2864 702 aetatibus

623 730 1216 808 comprehenduntur,
1264 751 1382 789 una
1422 731 1882 808 primordiorum
1912 751 2098 808 usque
2130 731 2207 789 ad
2238 731 2575 804 Columbae,
2624 732 2863 790 abbatis

621 820 906 892 Hiiensis,
952 824 1218 897 tempora
1265 821 1371 896 (ca.
1413 819 1584 896 565),
1634 821 1823 878 altera
1870 820 2004 878 inde
2052 821 2127 878 ab
2175 840 2330 879 anno
2380 820 2505 877 565
2556 839 2739 896 usque
2788 822 2864 879 ad

623 909 920 968 saeculum
965 929 1202 967 nonum.
1280 908 1608 985 Utriusque
1657 909 1832 984 hujus
1879 909 2093 968 aetatis
2138 909 2387 967 historia
2418 909 2598 968 scribi
2636 910 2863 987 nequit,
2966 953 2972 958 .

622 1018 758 1056 nam
805 997 921 1056 nisi
967 997 1039 1055 (16
1085 997 1292 1076 paucis
1339 999 1560 1057 sanctis
1606 1005 1669 1058 et
1716 999 1788 1056 (16
1836 999 2039 1076 paucis
2087 999 2365 1057 ecclesiae
2411 998 2683 1076 partibus
2715 1002 2859 1056 certi

622 1087 850 1163 aliquid
909 1107 1027 1144 non
1091 1091 1340 1145 constat.
1433 1087 1607 1160 Quod
1670 1088 1840 1146 nobis
1902 1088 2095 1146 minus
2156 1086 2473 1146 dolendum
2535 1093 2626 1146 est
2685 1107 2861 1164 quarn

620 1195 815 1234 rerum
863 1175 1274 1253 scriptoribus,
1338 1197 1470 1234 cum
1510 1179 1636 1252 jam
1685 1197 1756 1235 ex
1800 1176 1899 1250 iis,
1967 1197 2118 1253 quae
2164 1176 2237 1234 de
2284 1176 2532 1253 singulis
2578 1176 2723 1235 viris
2769 1178 2862 1234 vel

622 1265 696 1322 de
742 1264 993 1340 singulis
1042 1264 1320 1322 ecclesiae
1367 1266 1643 1342 partibus
1690 1265 1917 1324 tradita
1958 1273 2111 1338 sunt,
2158 1285 2310 1341 quae
2341 1266 2523 1324 fuerit
2554 1267 2863 1325 universae

623 1353 902 1412 ecclesiae
948 1358 1180 1426 natura,
1230 1353 1504 1431 cognosci
1551 1354 1745 1413 liceat.
1822 1354 2037 1431 Itaque
2085 1375 2217 1412 cum
2262 1355 2325 1412 in
2367 1355 2611 1414 alterius
2643 1355 2715 1412 de
2747 1375 2864 1432 qua

621 1442 907 1514 diximus,
976 1443 1192 1502 aetatis
1252 1443 1450 1521 priore
1511 1450 1687 1522 parte
1748 1443 1864 1502 duo
1924 1443 2298 1522 potissimum
2362 1443 2505 1516 viri,
2576 1442 2863 1503 Columba

624 1531 892 1590 Hiiensis
937 1537 999 1591 et
1053 1531 1344 1591 Columba
1387 1531 1786 1592 Luxoviensis
1842 1553 1915 1590 ex
1972 1533 2333 1592 umbraculis
2390 1533 2739 1610 procedant,
2800 1533 2863 1591 in

619 1621 805 1678 altera
868 1626 1063 1678 autem
1125 1627 1296 1698 parte
1360 1622 1432 1679 de
1490 1643 1609 1681 una
1656 1623 1934 1681 ecclesiae
1979 1629 2175 1700 parte,
2236 1622 2861 1698 Nordanhymbrorum

619 1709 882 1784 ecclesia,
911 1709 1086 1787 plura
1119 1716 1408 1784 constent,
1439 1712 1695 1788 primum
1728 1711 1801 1770 de
1832 1712 2191 1789 primordiis,
2225 1711 2435 1769 deinde
2466 1712 2541 1768 de
2574 1700 2863 1770 Columba

617 1799 879 1872 Hiiensi,
941 1805 1068 1857 tum
1125 1800 1384 1878 seposito
1443 1801 1516 1858 ad
1575 1807 1811 1879 tempus
1858 1800 2147 1859 Columba
2193 1799 2579 1873 Luxoviensi,
2642 1801 2863 1878 quippe

619 1886 722 1963 qui
754 1909 827 1945 ex
857 1888 1058 1966 patria
1089 1889 1483 1966 emigraverit,
1517 1889 1589 1948 de
1613 1890 2243 1966 Nordanhymbrorum
2270 1889 2529 1962 ecclesia,
2562 1896 2862 1967 postremo

617 1977 690 2034 (16
738 1975 1027 2036 Columba
1069 1977 1544 2038 Luxoviensi·et
1591 1979 1664 2037 de
1712 1981 1801 2053 iis,
1852 1981 1953 2056 (1111
2002 2000 2131 2038 611111
2182 2000 2249 2038 60
2298 1980 2391 2039 vel
2439 1985 2576 2056 post
2623 1999 2752 2036 cum
2799 1979 2862 2036 in

618 2063 817 2124 Gallia
865 2074 925 2124 et
974 2064 1296 2126 Germania
1342 2068 1899 2145 peregrinabantur,
1948 2068 2352 2128 disserendum
2399 2069 2569 2128 nobis
2618 2069 2751 2128 erit.

1569 2207 1907 2272 Primordiis

613 2332 826 2410 igitur,
887 2331 959 2389 de
1021 2332 1236 2408 quibus
1296 2331 1553 2410 primum
1609 2331 1923 2390 dicendum
1972 2337 2084 2406 est,
2147 2338 2269 2391 tam
2318 2332 2532 2390 densae
2578 2333 2859 2392 tenebrae

615 2421 832 2480 offusae
897 2428 1060 2494 sunt,
1126 2426 1195 2480 ut
1247 2421 1600 2500 perdifficile
1657 2420 1737 2479 sit
1790 2421 1863 2480 de
1908 2421 2017 2480 hac
2062 2421 2261 2500 priore
2308 2426 2503 2479 aetate
2552 2420 2855 2480 disserere.

613 2511 815 2569 Facile
873 2516 1052 2585 esset,
1113 2511 1164 2569 si
1219 2511 1721 2586 acquiesceremus
1778 2511 2093 2570 refutanda
2140 2530 2340 2568 eorum
2388 2510 2691 2587 opinione,
2755 2510 2857 2587 qui

614 2600 980 2658 contendunt
1027 2600 1499 2676 antiquissimam
1538 2603 1666 2676 jam
1698 2597 2014 2658 Scotorum
2056 2600 2361 2658 ecclesiam
2392 2619 2524 2658 cum
2566 2599 2857 2658 catholica

614 2708 730 2746 non
791 2689 853 2746 in
911 2689 1181 2747 omnibus
1228 2689 1606 2750 consensisse.
1698 2689 1852 2749 Nam
1900 2690 2126 2748 nullum
2170 2693 2365 2748 exstat
2409 2688 2589 2746 ullius
2636 2688 2857 2746 dissen-

613 2777 794 2834 sionis
848 2777 1252 2835 testimonium
1309 2798 1498 2854 neque
1553 2778 1669 2855 ipsi
1716 2778 1847 2836 aliis
1896 2778 2257 2855 argumentis
2303 2781 2555 2836 utuntur
2602 2777 2715 2836 nisi
2759 2777 2855 2835 de-

617 2865 870 2942 sumptis
926 2884 999 2921 ex
1043 2865 1439 2942 posteriorum
1486 2872 1821 2942 temporum
1867 2866 2062 2924 rebus.
2136 2865 2311 2924 Hanc
2358 2871 2556 2924 autem
2588 2886 2855 2942 perscru-

612 2953 830 3022 tandae
877 2952 1254 3028 antiquitatis
1299 2953 1590 3012 rationem
1639 2953 2076 3012 fallacissimam
2122 2975 2247 3013 esse
2292 2955 2402 3012 1106
2450 2973 2685 3030 (1110(1116
2726 2956 2855 3013 1060

611 3063 684 3100 ex
729 3041 802 3100 iis
849 3047 1115 3119 apparet,
1164 3059 1314 3118 quae
1361 3046 1522 3100 certo
1565 3043 1779 3101 scimus
1826 3042 1899 3100 de
1946 3042 2224 3102 ecclesiae
2257 3041 2569 3102 Scotorum
2602 3043 2853 3120 primor-

611 3131 739 3190 diis.
833 3130 1087 3190 Constat
1149 3130 1305 3188 enim
1358 3130 1518 3189 inter
1574 3151 1773 3190 omnes
1819 3131 2176 3205 Patricium,
2239 3131 2479 3191 natione
2527 3131 2853 3207 Britonem,

611 3217 921 3279 Scotorum
967 3219 1576 3298 haberiapostolum,
1625 3241 1833 3299 neque,
1880 3226 1949 3280 ut
1993 3227 2203 3300 postea
2249 3220 2600 3293 videbimus,
2649 3223 2852 3280 fictum

611 3315 702 3368 est
746 3330 879 3367 eum
927 3310 1123 3386 priore
1171 3309 1392 3368 66661111
1438 3310 1634 3386 quinti
1679 3315 1850 3388 parte
1894 3310 2071 3369 fidem
2115 3309 2498 3370 christianam
2540 3311 2601 3368 in
2634 3311 2851 3368 Hiber-

609 3399 768 3456 niam
815 3397 1102 3456 attulisse.
1182 3398 1347 3478 Ergo
1397 3420 1523 3458 cum
1573 3399 1890 3458 Britonum
1936 3399 2183 3458 ecclesia
2230 3420 2299 3458 ea
2330 3399 2460 3476 ipsa
2490 3405 2688 3458 aetate
2723 3420 2853 3458 cum

608 3487 880 3544 Romana
905 3487 1150 3548 ecclesia
1176 3489 1412 3546 omnino
1439 3489 1813 3560 consentiret,
1842 3487 2152 3546 Scotorum
2180 3509 2413 3565 quoque
2438 3489 2853 3564 antiquissima

609 3575 854 3634 ecclesia
902 3596 936 3634 a
981 3575 1270 3636 Romanis
1317 3578 1629 3636 dissentire
1677 3596 1793 3634 non
1839 3576 2053 3654 potuit.
2145 3577 2337 3635 Immo
2385 3583 2619 3636 tantum
2666 3579 2851 3650 abest,

607 3669 676 3723 ut
722 3664 1132 3741 antiquissima
1166 3663 1478 3724 Scotorum
1526 3664 1773 3723 ecclesia
1821 3685 1953 3723 cum
1982 3665 2268 3725 Romanis
2316 3686 2429 3724 non
2475 3667 2850 3739 consenserit,

608 3759 677 3812 ut
732 3753 1048 3812 verisimile
1106 3753 1211 3826 sit,
1276 3755 1452 3814 fidem
1511 3753 1893 3812 christianam
1940 3773 2057 3812 non
2106 3755 2231 3813 sine
2278 3775 2459 3832 opera
2505 3755 2852 3832 pontificum

609 3843 1016 3902 Romanorum
1071 3843 1132 3901 in
1179 3843 1536 3902 Hiberniam
1593 3843 1837 3901 allatam
1884 3863 2027 3902 esse.
2122 3843 2294 3917 Quod
2342 3849 2409 3902 ut
2456 3845 2851 3922 comprobem,

610 3933 1004 3992 necessarium
1060 3933 1270 4010 putavi
1323 3933 1524 4010 paullo
1571 3932 1877 3992 verbosius
1924 3932 1997 3991 de
2044 3933 2321 3992 ecclesiae
2369 3931 2683 3991 Scotorum
2730 3933 2849 4010 pri·

607 4021 850 4081 mordiis
897 4022 1202 4080 disserere.

785 4111 1056 4170 Fuerunt
1087 4129 1226 4170 vero
1259 4107 1320 4166 in
1348 4108 1643 4168 Hibernia
1676 4130 1830 4168 anno
1866 4109 2101 4168 circiter
2126 4108 2247 4168 431
2278 4111 2563 4184 nonnulli,
2596 4110 2699 4186 qui
2724 4110 2848 4168 sine

609 4220 787 4279 opera
815 4200 1240 4272 Romanorum,
1287 4205 1354 4256 ut
1401 4199 1653 4273 videtur,
1702 4199 1779 4258 ad
1826 4199 2208 4258 christianam
2249 4198 2423 4257 fidem
2455 4200 2847 4272 transiissent,

609 4289 712 4347 sed
747 4289 1037 4367 perpauci
1085 4294 1272 4362 erant,
1317 4309 1456 4348 nam
1503 4288 1708 4348 eodem
1740 4289 1869 4366 ipso
1902 4308 2057 4348 anno
2090 4293 2243 4346 teste
2275 4288 2571 4366 Prospero
2605 4288 2848 4364 (Chron.

608 4397 702 4455 op.
750 4377 930 4436 editio
977 4376 1228 4436 Bassani
1282 4372 1448 4437 1782
1505 4377 1556 4450 Ι,
1603 4399 1663 4455 p.
1713 4378 1869 4448 401;
1932 4377 2013 4434 H.
2062 4377 2176 4436 and
2226 4375 2316 4438 St.
2362 4377 2449 4450 II,
2500 4378 2539 4434 2
2584 4399 2641 4454 p.
2693 4379 2848 4454 290)
