3259 5084
1544 250 1978 310 ...(54.-

830 429 1037 490 Skenii
1069 448 1210 491 vero
1259 434 1599 507 conjectura
1646 452 1720 489 ne
1767 430 1958 490 dicam
1990 431 2140 491 falsa
2187 436 2351 489 certe
2397 430 2736 491 verisimilis
2767 455 2886 492 non

642 528 749 595 est,
805 554 875 565 --
930 520 1090 597 quod
1135 521 1433 598 explicare
1480 522 1723 597 longum
1771 527 1862 579 est
1878 564 1892 593 ,
1951 522 2204 579 alterum
2264 521 2453 597 igitur
2509 521 2657 579 illud
2703 522 2882 581 fuisse

640 616 803 689 puto,
880 610 1097 686 Itaque
1146 610 1218 668 de
1265 610 1582 689 episcopis,
1630 616 1700 669 ut
1743 610 1832 668 ita
1876 610 2087 682 dicam,
2135 610 2650 670 monasterialibus
2694 632 2884 689 pauca

638 699 939 779 prioribus
986 699 1259 757 addenda
1307 706 1463 758 sunt.
2071 762 2076 767 ,

818 788 1147 847 Affirmant
1194 788 1348 845 enim
1396 787 1661 847 Toddius
1708 789 1804 863 (cf.
1852 787 2126 864 Loening
2171 809 2227 864 p.
2261 788 2388 847 445
2437 795 2558 849 not.
2607 788 2686 865 1),
2735 788 2880 849 Ske-
2931 786 2942 794 ⁰

641 880 773 938 nius
835 878 959 953 (ΙΙ,
1020 898 1079 955 p.
1127 877 1257 953 44),
1320 878 1423 935 alii
1484 877 1828 956 saepissime
1889 877 1953 935 in
2013 877 2385 936 monasteriis
2445 876 2757 937 Scotorum
2819 879 2880 935 in

639 966 1059 1026 monachorum
1106 986 1351 1025 numero
1397 967 1577 1025 fuisse
1622 987 1803 1024 unum
1851 967 1948 1025 vel
1995 966 2112 1024 duo
2159 966 2482 1044 episcopua,
2532 967 2634 1043 qui
2681 967 2879 1025 omnia

640 1057 971 1116 ministeria
1016 1056 1402 1134 episcopalia,
1452 1076 1602 1131 quae
1651 1075 1799 1131 opus
1847 1060 2044 1128 erant,
2093 1056 2622 1128 administrabant,
2670 1056 2880 1114 nihilo-

639 1146 833 1204 minus
882 1150 1097 1216 autem,
1145 1150 1437 1220 quatenus
1469 1144 1744 1203 monachi
1789 1149 1976 1216 erant,
2024 1144 2231 1203 abbati
2273 1145 2528 1220 subjecti
2557 1150 2879 1205 manerent.

638 1236 817 1293 Hanc
864 1233 1238 1306 sententiam,
1285 1234 1357 1293 de
1406 1254 1524 1311 qua
1570 1254 1752 1311 supra
1785 1235 1968 1292 verba
2000 1254 2118 1291 non
2149 1234 2281 1306 feci,
2331 1234 2470 1310 quia
2518 1233 2731 1293 idonea
2763 1254 2880 1293 non

536 1348 543 1355 ·
639 1323 892 1395 videtur,
942 1343 1059 1399 qua
1106 1322 1487 1382 confirmetur
1533 1324 1772 1381 omnino
1821 1323 1980 1401 apud
2012 1322 2220 1381 Scotos
2253 1324 2608 1399 dignitatem
2657 1324 2878 1401 episco-

639 1413 834 1490 palem
880 1412 1059 1471 fuisse
1106 1430 1143 1469 α
1199 1408 1477 1491 personal
1528 1411 1652 1471 and
1710 1420 1810 1471 not
1868 1432 1950 1469 an
1995 1408 2208 1493 official
2253 1410 2479 1492 diym'ty
2525 1410 2746 1487 (Skene
2792 1412 2878 1484 Π,

639 1523 697 1580 p.
747 1501 876 1577 44),
925 1502 1037 1560 hoc
1080 1502 1209 1560 loco
1266 1521 1383 1559 non
1429 1501 1790 1579 impugnem.
1879 1500 2035 1561 Nam
2099 1500 2212 1559 etsi
2271 1502 2602 1573 annalium,
2664 1501 2878 1578 quibus

640 1590 897 1649 Skenius
941 1590 1150 1662 utitur,
1198 1591 1538 1649 testimonia
1584 1591 1808 1650 leviora
1840 1598 1996 1663 sunt,
2045 1598 2244 1649 tamen
2291 1596 2352 1649 et
2385 1590 2636 1659 Toddio,
2681 1610 2878 1648 rerum

640 1679 1101 1739 Hibernicarum
1147 1680 1531 1757 peritissimO,
1580 1680 1688 1738 ubi
1735 1679 1808 1738 de
1853 1679 2025 1737 factis
2071 1679 2297 1756 agitur,
2358 1680 2536 1739 fidem
2583 1680 2876 1755 denegare

640 1768 785 1827 mihi
832 1788 950 1827 non
994 1768 1152 1840 licet,
1201 1774 1261 1826 et
1306 1768 1433 1845 ipse
1478 1788 1605 1827 rem
1651 1768 1856 1847 paucis
1904 1768 2254 1827 confirmare
2311 1789 2564 1847 possum.
2653 1767 2875 1826 Exstat

641 1858 795 1916 enim
843 1857 1002 1935 apud
1046 1856 1470 1916 Adamnanum
1516 1858 1740 1917 mentio
1799 1857 2062 1936 episcopi
2108 1858 2414 1932 cujusdam
2458 1857 2504 1917 J
2504 1877 2650 1915 onae
2695 1876 2872 1933 saepe

641 1946 1059 2006 commorantis
1107 1947 1191 2021 (1,
1241 1947 1343 2019 29,
1392 1968 1450 2025 Ρ.
1484 1947 1632 2019 208,
1681 1948 1753 2008 cf.
1806 1948 1859 2018 1,
1899 1948 1996 2018 17,
2045 1968 2103 2024 p.
2138 1947 2291 2023 204)
2341 1953 2402 2005 et
2447 1947 2603 2024 apud
2646 1945 2872 2003 Bedam

638 2036 900 2108 alterius,
933 2034 1169 2093 nomine
1203 2034 1498 2109 Geollach,
1530 2036 1772 2094 natione
1805 2034 1984 2108 Scoti,
2033 2035 2136 2111 qui
2166 2056 2286 2094 non
2319 2037 2502 2094 multo
2535 2042 2671 2113 post
2703 2055 2878 2111 quam

640 2125 1044 2204 episcopatum
1123 2125 1681 2184 mediterraneorem
1743 2123 2081 2201 Anglorum
2150 2125 2322 2183 simul
2396 2132 2456 2183 et
2527 2124 2880 2183 Marciorum

640 2218 983 2292 susceperat
1000 2256 1014 2285 ,
1060 2210 1255 2272 relicto
1302 2212 1638 2295 episcopatu
1681 2233 1942 2273 reversus
1989 2221 2070 2273 est
2113 2212 2196 2272 ad
2240 2210 2498 2272 insulam
2541 2208 2659 2272 Hii
2701 2214 2782 2289 (h.
2831 2234 2881 2271 e.

538 2364 541 2366 Α
642 2303 699 2375 3,
748 2304 851 2375 21,
899 2303 933 2381 ξ
983 2302 1154 2378 212).
1245 2302 1461 2378 Itaque
1509 2303 1620 2363 etsi
1667 2303 1891 2377 nescio,
1950 2304 2166 2379 quibus
2211 2302 2566 2361 testimoniis
2616 2301 2882 2362 Toddius

637 2412 762 2451 rem
810 2390 1282 2464 confirmaverit,
1330 2398 1531 2449 tamen
1577 2412 1696 2451 non
1744 2392 1954 2451 dubito
2002 2392 2148 2450 adeo
2196 2392 2250 2448 ei
2311 2391 2488 2449 fidem
2536 2391 2879 2469 adjungere,

638 2487 706 2539 ut
754 2480 1067 2541 concedam
1112 2480 1243 2539 fieri
1287 2480 1568 2558 potuisse,
1614 2487 1686 2539 ut
1729 2481 1792 2538 in
1837 2482 1956 2541 illis
2004 2480 2406 2554 monasteriis,
2455 2500 2608 2556 quae
2657 2481 2876 2559 episco-

637 2571 833 2648 palem
877 2574 941 2627 in
988 2590 1095 2628 sua
1141 2570 1383 2647 regione
1429 2572 1719 2647 gerebant
1767 2590 1992 2642 curam,
2054 2589 2171 2628 non
2229 2569 2345 2647 ipsi
2405 2570 2656 2629 abbates
2701 2570 2878 2628 iidem

638 2659 899 2738 episcopi
947 2666 1143 2719 essent
1190 2660 1294 2719 sed
1338 2679 1492 2717 unus
1540 2680 1613 2717 ex
1666 2660 1992 2731 monachis,
2055 2658 2156 2734 qui
2217 2663 2416 2717 tamen
2477 2660 2686 2719 abbati
2741 2660 2877 2717 sub-

631 2751 826 2823 jectus
887 2754 1171 2807 maneret.
1264 2746 1384 2805 Sed
1447 2770 1583 2807 raro
1645 2749 1755 2807 hoc
1814 2750 2038 2807 factum
2100 2768 2224 2807 esse
2270 2754 2417 2823 puto
2466 2768 2654 2824 neque
2701 2748 2879 2806 moris

635 2837 815 2896 fuisse
862 2836 1013 2895 sicut
1060 2837 1121 2895 in
1154 2837 1513 2895 monasterio
1545 2838 1800 2909 Hiiensi,
1849 2837 1953 2896 sed
2000 2857 2138 2894 casu
2169 2838 2389 2895 factum
2437 2857 2576 2907 esse,
2623 2837 2674 2894 si
2719 2838 2876 2894 forte

635 2926 819 2984 abbas
867 2926 1244 2984 excusatione
1291 2926 1668 2985 monachicae
1714 2926 2036 2985 modestiae
2084 2925 2434 3001 dignitatem
2481 2924 2870 3001 episcopalem

633 3013 983 3091 deprecatus
1030 3020 1179 3075 erat.
2007 3033 2011 3037 '

815 3102 1169 3182 Exemplum
1201 3104 1377 3179 hujus
1424 3104 1510 3163 rei
1554 3104 1684 3182 ipse
1716 3124 1834 3162 non
1866 3104 2069 3163 inveni
2099 3104 2214 3164 nisi
2244 3102 2580 3181 Virgilium,
2613 3100 2874 3173 Scotum,

638 3192 976 3271 episcopum
1007 3193 1411 3253 Juvavensem
1444 3193 1512 3269 (†
1547 3194 1700 3269 784)
1751 3193 1870 3270 qui,
1919 3193 2103 3251 donec
2149 3192 2276 3270 ipse
2319 3193 2630 3270 episcopus
2673 3210 2872 3249 conse-

636 3287 833 3341 cratus
858 3288 965 3355 est,
990 3282 1065 3341 ad
1091 3282 1563 3341 administranda
1593 3282 1925 3341 ministeria
1958 3282 2317 3360 episcopalia
2348 3302 2487 3340 usus
2518 3287 2610 3340 es‘t
2633 3280 2873 3339 Dobda·

635 3389 811 3445 greco
872 3370 1149 3448 episcopo
1214 3376 1275 3430 et
1334 3371 1466 3449 ipso
1529 3372 1770 3430 natione
1819 3370 2004 3451 Scoto*
2047 3372 2144 3447 (cf.
2207 3370 2533 3447 Rettberg,
2582 3369 2873 3428 Kirchen-

634 3457 973 3534 geschichte
1006 3460 1447 3519 Deutschlands
1496 3460 1580 3534 ΙΙ,
1628 3482 1686 3537 p.
1722 3461 1848 3517 233
1897 3482 2002 3536 sq„
2045 3461 2116 3518 cf.
2164 3481 2220 3538 p.
2257 3460 2384 3516 234
2432 3467 2554 3517 not.
2608 3460 2731 3535 18),
2773 3458 2876 3517 sed

634 3546 767 3605 ideo
814 3548 987 3605 facile
1034 3549 1181 3607 mihi
1224 3558 1647 3626 persuaserunt
1678 3548 1944 3608 Toddius
1992 3554 2051 3608 et
2082 3548 2354 3621 Skenius,
2400 3548 2562 3625 quod
2605 3549 2722 3607 nisi
2767 3548 2876 3605 hac

635 3657 699 3694 re
746 3636 1122 3697 manifestum
1169 3659 1287 3697 non
1334 3638 1419 3711 fit,
1468 3637 1762 3715 quomodo
1808 3638 1940 3696 fieri
1985 3639 2273 3716 potuerit,
2320 3644 2390 3696 ut
2435 3656 2876 3714 nonnumquam

633 3725 695 3783 in
755 3726 1050 3784 Hibernia
1100 3724 1385 3802 (Adamn.
1442 3727 1548 3786 vit.
1606 3726 1735 3785 Col.
1792 3729 1843 3800 1,
1898 3730 1996 3800 17,
2043 3750 2101 3805 p.
2150 3728 2305 3799 204;
2359 3729 2412 3798 1,
2464 3727 2566 3798 29,
2613 3747 2670 3802 p.
2719 3725 2875 3795 2083

640 3816 693 3887 l,
746 3814 845 3888 35,
892 3836 952 3891 p.
1000 3816 1153 3892 210)
1204 3822 1264 3875 et
1324 3816 1666 3894 saepissime
1727 3818 2158 3895 posterioribus
2203 3816 2572 3894 temporibus
2618 3814 2680 3871 in
2729 3812 2875 3871 Grer-

634 3903 831 3963 mania
894 3911 1205 3963 occurrant
1266 3905 1437 3965 nobis
1500 3905 1765 3984 episcopi
1838 3906 2304 3984 peregrinantes.
2409 3905 2564 3966 Nam
2624 3923 2754 3963 cum
2813 3902 2875 3959 in

632 3993 928 4053 Hibernia
978 3994 1339 4072 episcopales
1386 3994 1554 4053 sedes
1600 3994 1688 4053 ita
1720 4015 1852 4054 cum
1883 3995 2256 4055 monasteriis
2291 3997 2607 4070 conjuncta
2638 3992 2876 4063 fuerint,

631 4092 703 4141 ut
746 4103 925 4160 penes
971 4083 1103 4161 ipsa
1150 4082 1508 4141 monasteria
1553 4084 1926 4162 principatus
1972 4084 2303 4143 dioeceseos
2356 4083 2540 4142 fuisse
2587 4082 2878 4152 videatur,

634 4179 887 4250 apparet
932 4172 1005 4231 iis
1053 4172 1371 4251 episcopis,
1421 4172 1523 4248 qui
1570 4174 1700 4232 vice
1749 4174 1985 4232 abbatis
2043 4173 2197 4233 forte
2246 4171 2578 4234 consecrari
2623 4169 2878 4229 nolentis

636 4260 1071 4340 episcopalibus
1118 4260 1463 4320 ministeriis
1510 4263 1942 4339 fungebantur,
2003 4268 2127 4321 tam
2175 4270 2400 4322 arctam
2448 4281 2579 4319 cum
2627 4281 2735 4319 sua
2783 4259 2877 4319 vel

634 4350 852 4408 rectius
899 4351 1135 4410 abbatis
1181 4350 1434 4409 dioecesi
1480 4352 1974 4411 necessitudinem
2036 4372 2154 4409 non
2213 4353 2424 4425 fuisse,
2485 4357 2554 4409 ut
2611 4349 2662 4408 si
2724 4349 2878 4407 forte
