3259 5084
1484 282 1920 339 ...70—

579 462 837 521 Betham
881 460 978 533 II,
1041 480 1176 537 app.
1224 480 1281 537 p.
1330 458 1589 530 XXVI3
1651 457 1910 517 Adamn.
1958 459 2063 517 vit.
2112 457 2236 517 Col.
2288 458 2344 528 2,
2403 458 2504 531 69,
2565 477 2622 534 p.
2673 458 2838 530 222;

589 554 641 625 1,
695 549 794 622 15,
842 570 901 627 p.
936 550 1091 620 2033
1146 550 1201 621 1,
1254 548 1353 620 14,
1399 569 1456 626 p.
1492 548 1619 605 203
1669 552 1732 606 et
1776 546 1964 623 alibi),
2009 553 2186 611 tanta
2231 553 2379 618 erat,
2425 554 2496 605 ut
2539 566 2832 605 nonnum·

581 658 759 715 quam
790 638 958 697 flexis
991 637 1243 715 genibus
1274 636 1352 695 ad
1382 656 1516 694 eum
1548 636 1894 694 accederent
1925 635 2198 694 monachi
2229 636 2333 712 (ib.
2367 636 2425 707 3,
2458 636 2562 709 87,
2594 656 2652 711 p.
2680 636 2830 707 228,

582 730 653 786 cf.
711 728 766 799 1,
816 728 872 798 6,
920 748 977 805 p.
1027 727 1200 801 201),
1260 732 1329 783 ut
1384 746 1457 783 ex
1502 724 1756 783 arbitrio
1801 724 1984 783 etiam
2029 724 2320 783 inusitata
2364 723 2512 784 hora
2557 725 2654 783 vel
2699 724 2834 801 ipsa

580 822 755 875 nocte
814 835 923 891 per
984 834 1153 873 suum
1208 813 1520 891 proprium
1574 811 1912 871 ministrum
1959 812 2244 889 (Adamn.
2290 812 2395 871 vit.
2444 811 2570 871 Col.
2625 814 2676 885 1,
2732 814 2837 871 11.

585 905 686 962 22.
736 903 839 962 25.
889 904 997 961 26·
1020 902 1189 978 alibi)
1250 904 1424 979 pulsa
1478 902 1674 961 clocca
1728 902 1944 960 fratres
2005 902 2068 959 in
2115 901 2419 960 ecclesiam
2468 901 2832 960 convocandi

578 997 940 1071 potestatem
1000 992 1249 1050 haberet
1306 991 1412 1067 (ib.
1467 992 1519 1062 1,
1574 992 1673 1062 11,
1729 1011 1787 1067 p.
1837 991 1998 1063 2023
2069 992 2120 1062 1,
2173 991 2274 1062 21,
2331 1010 2388 1067 Ρ.
2440 986 2612 1066 205).
2705 991 2836 1050 Nec

580 1088 781 1141 tamen
835 1080 938 1138 ille
992 1080 1151 1138 solus
1206 1080 1479 1138 omnibus
1525 1080 1946 1138 monachorum
1991 1079 2206 1138 studiis
2252 1080 2348 1137 vel
2395 1078 2676 1155 operibus
2721 1099 2832 1137 nec

582 1171 741 1228 solus
788 1167 1062 1245 regendis
1101 1168 1343 1245 populis
1385 1173 1683 1245 praeerat,
1730 1168 1834 1227 sed
1863 1188 1902 1225 a
1932 1168 2264 1226 senioribus
2295 1168 2384 1225 ita
2415 1167 2830 1243 adjuvabatur,

580 1263 649 1316 ut
694 1254 1001 1334 graviores
1046 1260 1141 1315 res
1188 1276 1307 1314 non
1353 1256 1479 1314 sine
1526 1275 1728 1314 eorum
1777 1256 2022 1315 consilio
2069 1256 2426 1332 dijudicaret
2457 1255 2650 1331 (Beda
2688 1255 2747 1313 h.
2781 1276 2836 1313 e.

585 1347 642 1418 3,
693 1345 730 1402 5
779 1346 814 1422 ξ
868 1345 1019 1421 164)
1082 1350 1143 1403 et
1201 1351 1271 1404 ut
1331 1365 1515 1402 unum
1576 1365 1652 1402 ex
1710 1344 1830 1403 illis
1878 1344 2218 1420 junioribus
2265 1343 2612 1422 praeficeret
2659 1364 2829 1421 prae-

580 1434 842 1513 positum
903 1432 1009 1508 (ib.
1073 1434 1126 1505 l,
1185 1434 1287 1505 33,
1341 1456 1399 1511 p.
1450 1434 1605 1509 210)
1665 1434 1762 1493 vel
1822 1434 1928 1509 (ib.
1993 1434 2046 1505 1,
2105 1434 2206 1505 30,
2261 1454 2320 1511 p.
2369 1434 2522 1507 209)
2586 1452 2832 1510 operum

583 1522 1067 1599 dispensatorem.
1144 1521 1363 1581 Tribus
1410 1527 1609 1581 autem
1656 1521 1886 1580 diurnis
1931 1523 2214 1600 operibus
2260 1522 2420 1599 apud
2451 1519 2830 1596 Adamanum

582 1611 900 1670 monachos
945 1610 1279 1669 invenimus
1324 1610 1605 1682 intent08,
1651 1610 1878 1683 iisdem,
1929 1631 2080 1687 quae
2127 1610 2190 1667 in
2235 1611 2458 1687 regula,
2507 1630 2660 1687 quae
2697 1630 2828 1687 per-

581 1720 785 1777 peram
816 1698 1142 1769 Columbae
1188 1699 1545 1758 attribuitur
1589 1699 1697 1773 (Η.
1729 1700 1848 1760 and
1879 1697 1968 1758 St.
2001 1699 2088 1770 ΙΙ,
2143 1701 2171 1757 1
2219 1719 2278 1775 p.
2317 1700 2485 1776 120),
2532 1698 2838 1757 monachis

582 1788 968 1847 mandantur:
1016 1788 1403 1860 orationibus,
1449 1787 1771 1861 laboribus,
1818 1788 2188 1850 lectionibus.
2261 1787 2470 1863 Neque
2515 1788 2624 1845 hac
2669 1788 2730 1845 in
2762 1806 2830 1845 re

587 1877 903 1954 quicquam
952 1876 1329 1953 conspicuum
1373 1882 1467 1935 est
1513 1876 1629 1935 nisi
1675 1876 1739 1934 in
1786 1876 2156 1935 orationibus
2202 1876 2644 1935 decantationes
2691 1874 2836 1935 illae

584 1965 943 2044 psalmorum
1003 1964 1287 2041 (Adamn.
1332 1966 1424 2024 vit
1471 1965 1595 2024 Col.
1651 1966 1703 2038 1,
1755 1966 1856 2037 31,
1913 1987 1970 2043 p.
2020 1966 2204 2041 209),
2265 1966 2338 2023 de
2401 1964 2616 2041 quibus
2673 1964 2831 2021 infra

584 2055 758 2131 plura
818 2053 1069 2111 dicenda
1126 2060 1293 2125 sunt,
1354 2053 1416 2111 in
1474 2054 1779 2112 laboribus
1833 2054 1978 2127 tria,
2039 2073 2193 2131 quae
2253 2061 2575 2112 occurrunt
2629 2072 2833 2111 eorum

587 2161 829 2218 genera,
892 2140 1147 2217 primum
1207 2142 1505 2201 scribendi
1566 2139 1850 2217 (Adamn.
1879 2144 1958 2214 .l,
2009 2143 2111 2216 22,
2167 2163 2224 2220 Ρ.
2275 2144 2447 2217 206),
2511 2141 2834 2200 secundum

586 2249 805 2302 eorum,
855 2228 958 2305 qui
1001 2229 1064 2288 in
1110 2230 1240 2307 ipso
1285 2230 1647 2289 monasterio
1691 2230 2040 2307 perficiendi
2085 2238 2260 2290 erant
2304 2230 2588 2306 (Adamn.
2628 2232 2681 2304 1,
2732 2231 2838 2303 22,

586 2340 643 2397 p.
679 2318 833 2388 206;
886 2318 942 2390 2,
977 2316 1079 2391 52,
1120 2340 1177 2397 p.
1212 2320 1386 2395 217),
1432 2318 1680 2377 tertium
1727 2339 1945 2392 eorum,
1994 2340 2140 2397 quos
2187 2319 2558 2396 agricultura
2602 2320 2838 2385 ferebat

586 2407 693 2482 (ib.
731 2408 785 2479 l',
820 2406 922 2477 30,
966 2426 1025 2482 p.
1060 2408 1233 2483 209).
1308 2407 1585 2483 Denique
1632 2428 1750 2466 non
1797 2409 2068 2467 omittam
2117 2427 2571 2467 commemorare
2601 2409 2840 2467 labores

586 2496 721 2553 illos
767 2514 1143 2571 nequaquam
1188 2496 1253 2554 in
1298 2496 1563 2575 singulas
1604 2497 1729 2555 diei
1777 2497 1952 2556 horas
1999 2503 2162 2556 certa
2203 2496 2459 2573 quadam
2489 2497 2622 2573 lege
2652 2496 2846 2556 fuisse

589 2583 969 2655 distributos,
1036 2585 1141 2643 sed
1183 2586 1480 2661 perfectos
1527 2606 1654 2645 esse
1698 2587 1794 2645 vel
1841 2585 2077 2661 quando
2124 2585 2441 2651 necessitas
2488 2586 2696 2645 aderat
2741 2585 2838 2644 vel

589 2672 827 2749 quando
874 2672 1177 2731 monachis
1223 2676 1319 2733 vel
1366 2675 1573 2733 abbati
1620 2674 1943 2733 collibebat
1985 2672 2273 2751 (Adamn.
2327 2674 2382 2746 1,
2431 2674 2534 2747 30,
2579 2696 2638 2751 Ρ.
2675 2675 2836 2746 209;

595 2762 649 2833 1,
698 2761 801 2833 21,
857 2781 913 2838 Ρ.
963 2762 1136 2838 205).
1213 2760 1505 2823 Attamen
1560 2763 1934 2821 horariarum
1988 2782 2232 2841 precum
2287 2762 2646 2822 mentionem
2695 2782 2836 2821 casu

592 2849 848 2926 quodam
896 2850 973 2909 ab
1018 2848 1379 2909 Adamnano
1424 2852 1648 2911 factam
1693 2872 1812 2911 non
1859 2872 1984 2911 esse
2034 2851 2300 2930 opinor.l

767 2937 938 2997 Haec
982 2938 1286 2997 hactenus.
1359 2939 1515 3000 Nam
1560 2941 1638 2999 ad
1685 2940 2143 3019 comparandam
2185 2941 2486 3000 ecclesiam
2518 2937 2830 2996 Scotorum

590 3045 722 3084 cum
767 3025 1039 3085 Romana
1087 3026 1411 3087 Columbae
1457 3028 1710 3088 historia
1753 3049 1959 3089 ansam
2005 3049 2125 3088 non
2170 3030 2442 3107 praebet,
2503 3026 2642 3103 quia
2685 3032 2838 3084 tunc

588 3114 875 3191 temporis
934 3118 1007 3175 de
1066 3115 1141 3178 iis
1202 3118 1403 3190 rebus,
1468 3137 1619 3194 quae
1681 3118 2110 3195 posterioribus
2172 3116 2537 3195 temporibus
2597 3120 2834 3173 contro-

588 3204 844 3263 versiam
888 3205 1327 3278 excitaverunt,
1381 3225 1503 3264 non
1542 3209 1671 3282 jam
1717 3207 2024 3283 agebatur.
2115 3206 2471 3281 Quanquam
2518 3203 2676 3261 enim
2721 3201 2846 3261 Co*

589 3292 792 3350 lumba
851 3294 1055 3353 eadem
1115 3293 1255 3353 festi
1312 3295 1609 3371 paschalis
1671 3296 2113 3373 computatione
2172 3295 2457 3353 utebatur
2517 3298 2580 3351 et
2631 3292 2847 3351 eadem⁴

589 3384 837 3439 tonsura
890 3387 1162 3441 attonsus
1222 3389 1355 3442 erat
1398 3389 1581 3460 atque
1626 3384 1976 3461 posterioris
2022 3382 2308 3461 temporis
2356 3381 2522 3441 Scoti
2570 3416 2648 3431 ο·-
2699 3400 2840 3439 nam

592 3472 653 3526 et
694 3467 987 3528 Columba
1016 3470 1413 3530 Luxoviensis
1457 3478 1778 3549 utrumque
1823 3492 2044 3531 morem
2085 3475 2212 3548 jam
2259 3478 2402 3531 tunc
2445 3469 2510 3528 111
2540 3468 2842 3529 Hibernia

590 3555 773 3615 fuisse
803 3557 976 3617 testis
1008 3564 1098 3617 est
1120 3565 1181 3617 et
1200 3558 1369 3620 Beda
1391 3560 1607 3638 prioris
1633 3561 1992 3619 mentionem
2015 3561 2158 3619 fecit
2181 3562 2265 3635 (h.
2289 3580 2336 3620 6.
2365 3560 2422 3630 3,
2450 3560 2489 3615 4
2515 3560 2550 3635 ξ
2581 3560 2734 3633 160)
2755 3590 2834 3603 --

592 3650 809 3718 tamen,
858 3665 989 3703 cum
1022 3645 1313 3708 Columba
1357 3648 1508 3707 nihil
1548 3649 1880 3707 commercii
1910 3649 2190 3708 habuerit
2221 3668 2352 3707 cum
2382 3646 2690 3720 Romanis,
2735 3647 2844 3705 ab·

585 3736 747 3809 jecta
801 3733 1144 3793 Adamnani
1204 3737 1433 3810 fabula,
1493 3757 1646 3813 quae
1703 3736 2053 3797 Columbam
2113 3738 2259 3797 facit
2316 3736 2845 3815 praenuntiantem

589 3822 854 3881 futuram
912 3822 988 3881 de
1051 3825 1417 3885 celebrandis
1470 3825 1638 3885 festis
1691 3826 1903 3885 diebus
1949 3826 2325 3905 paschalibus
2373 3824 2840 3884 controversiam

592 3911 677 3985 (1,
712 3911 769 3984 8,
816 3933 875 3989 Ρ.
905 3913 1081 3988 201),
1130 3914 1550 3992 suspicandum
1582 3919 1688 3988 est,
1737 3935 1868 3975 eum
1901 3935 2019 3975 non
2051 3916 2302 3989 novisse,
2349 3913 2496 3991 quid
2527 3913 2845 3972 Scotorum

590 4001 902 4078 proprium
948 4000 1041 4063 sit.

768 4090 977 4168 Neque
1025 4091 1263 4150 omnino
1310 4090 1383 4149 de
1428 4096 1684 4169 utroque
1730 4112 1892 4151 more
1937 4095 2123 4152 multa
2167 4084 2421 4152 dicenda
2452 4096 2610 4150 sunt.
2683 4089 2842 4149 Nam

739 4301 761 4332 ²
799 4298 889 4353 De
936 4301 1255 4367 puellarum
1305 4300 1691 4367 monasteriis,
1747 4302 1818 4355 de
1865 4300 2067 4369 quibus
2105 4301 2478 4355 Adamnanus
2515 4300 2627 4355 nisi
2665 4298 2842 4353 semel

594 4370 670 4438 (2,
718 4369 801 4435 75,
841 4387 897 4438 p.
940 4372 1071 4439 224)
1109 4370 1457 4425 mentionem
1495 4389 1610 4425 non
1647 4371 1801 4439 fecit,
1842 4371 1990 4426 infra
2030 4374 2111 4441 (p.
2151 4372 2245 4441 81)
2287 4372 2490 4427 dicam.
