3259 5084
1492 227 1982 284 -110—

617 425 794 483 quam
841 406 1003 463 dicta
1051 404 1123 463 de
1170 404 1475 463 fratribus.
1535 406 1691 465 Nam
1736 404 1876 464 licet
1921 406 2108 464 levius
2153 405 2234 464 sit
2263 440 2351 448 —
2383 404 2543 481 quod
2590 402 2866 479 equidem

617 515 737 554 non
782 493 1037 553 concedo
1091 526 1165 537 —
1219 494 1623 555 testimonium
1683 494 1831 553 illud
1886 514 1958 553 ex
2006 494 2130 554 vita
2176 493 2464 552 Walarici
2521 492 2864 569 repetitum,

616 590 817 643 tamen
865 584 991 659 ipse
1038 582 1349 641 Ebrardus
1395 602 1513 641 non
1543 583 1767 659 poterit
1797 604 1915 643 non
1947 582 2264 643 concedere
2296 582 2648 641 monachum
2677 580 2864 653 illum,

619 673 724 749 qui
768 671 1155 730 Bercharium
1182 672 1483 730 ¹abbatem
1514 670 2029 731 Altivillarensem
2061 678 2122 729 et
2150 672 2516 730 Dervensem
2564 669 2868 729 interfecit

619 762 716 837 (cf.
748 781 931 838 supra
962 781 1019 837 p.
1058 761 1227 835 102),
1276 760 1417 837 quia
1446 760 1547 819 ille
1580 780 1712 819 eum
1756 768 1822 819 ut
1864 758 2084 820 moris
2127 768 2252 821 erat
2281 757 2628 840 feriendum
2671 756 2864 817 decre-

619 857 781 911 verat
825 848 958 924 (vit.
1005 850 1219 907 Berch.
1257 850 1355 921 19,
1400 850 1559 907 Mab.
1589 848 1680 922 H,
1723 871 1782 927 p.
1816 849 1990 925 842),
2037 869 2156 907 non
2195 852 2322 924 jam
2367 868 2620 927 puerum
2665 848 2868 918 fuisse,

620 939 725 998 sed
770 939 985 1010 virum,
1048 939 1258 996 saltem
1298 942 1595 1013 juvenem.
1688 939 1862 1012 Quod
1907 938 1956 997 si
2004 958 2222 1014 negare
2268 957 2386 997 non
2431 938 2598 1009 licet,
2663 956 2868 995 conce·

619 1028 877 1087 dendum
924 1032 1013 1084 est
1058 1026 1239 1085 moris
1284 1026 1465 1086 fuisse
1517 1027 1582 1084 in
1635 1027 2008 1087 monasteriis
2063 1027 2384 1087 secundum
2437 1026 2704 1102 regulam
2751 1023 2865 1083 Co-

514 1174 519 1179 .
620 1118 855 1175 lumbae
898 1115 1193 1174 institutis
1240 1116 1589 1174 verberibus
1645 1116 1860 1194 punire
1915 1117 2350 1189 inobedientes,
2413 1132 2549 1173 nam
2597 1120 2659 1173 et
2703 1112 2868 1172 Alti-

621 1206 939 1267 villarense
985 1205 1082 1279 (cf.
1126 1204 1415 1263 Mabillon
1462 1205 1692 1264 observ.
1739 1226 1941 1283 praev.
1985 1205 2048 1263 in
2095 1204 2202 1264 vit.
2247 1204 2463 1263 Berch.
2510 1224 2568 1281 p.
2615 1203 2765 1273 831,
2803 1202 2868 1277 3)

623 1302 685 1355 et
728 1293 1035 1351 Dervense
1080 1293 1502 1351 monasterium
1550 1293 1650 1368 (cf.
1695 1293 1969 1371 Loening
2013 1293 2100 1367 II,
2147 1315 2206 1371 p.
2239 1293 2368 1351 442
2401 1298 2526 1351 not.
2561 1292 2626 1367 2)
2671 1308 2868 1349 secun-

621 1382 768 1441 dum
798 1376 1075 1461 ,reyulam
1120 1378 1235 1441 SS.
1281 1379 1593 1441 Benedicti
1635 1390 1688 1441 et
1733 1380 2085 1443 Cohaembani
2127 1382 2368 1441 condita
2415 1386 2604 1439 erant.

640 1512 645 1517 -
738 1493 743 1497 ·
799 1471 934 1543 His,
983 1490 1135 1546 quae
1166 1470 1401 1547 singula
1432 1471 1716 1547 exemplis
1747 1472 2152 1550 comprobant,
2183 1470 2415 1530 accedit
2444 1468 2868 1540 testimonium,

624 1558 783 1635 quod
828 1565 1019 1617 totam
1064 1560 1332 1635 regulam
1388 1559 1561 1619 nimis
1616 1580 1882 1620 severam
1935 1561 2116 1619 fuisse
2170 1560 2556 1619 demonstrat.
2645 1558 2871 1618 Narrat

624 1648 778 1707 enim
824 1647 1014 1706 Jonas
1074 1647 1137 1705 in
1195 1648 1323 1707 vita
1383 1646 1662 1720 Attalae‚
1723 1649 1962 1709 abbatis
2005 1648 2320 1709 Bobiensis
2367 1651 2440 1724 (c.
2491 1648 2527 1703 2
2575 1646 2733 1705 Mab.
2780 1644 2870 1716 II,

624 1757 761 1796 ann.
796 1738 941 1808 627,
974 1757 1031 1813 p.
1070 1738 1221 1812 123)
1268 1738 1579 1797 nonnullos
1626 1738 1944 1797 monachos
1991 1737 2318 1797 Bobieuses
2363 1736 2684 1795 tumultum
2733 1754 2869 1793 con-

624 1826 837 1885 citasse
882 1823 1041 1883 inter
1083 1825 1299 1884 fratres
1345 1826 1609 1885 dicentes
1663 1845 1722 1885 se
1773 1824 1943 1887 nimii
1976 1824 2237 1907 fervoris
2281 1822 2671 1884 austeritatem
2699 1820 2872 1904 fewe

623 1934 741 1974 non
796 1930 977 1993 posse
1034 1921 1086 1973 et
1143 1912 1368 1974 arduae
1432 1913 1772 1995 disciplinae
1831 1914 2102 1997 pondera
2164 1923 2410 1994 portare
2475 1932 2593 1973 non
2667 1908 2873 1971 valere.

623 2004 835 2063 Nonne
866 2002 1145 2062 disertius
1189 2004 1335 2062 haec
1380 2003 1541 2063 dicta
1586 2012 1742 2077 sunt,
1790 2025 1966 2081 quam
1998 2011 2066 2062 ut
2095 2003 2294 2063 verbis
2327 2002 2592 2079 (Ebrard
2621 2023 2681 2079 p.
2720 2000 2872 2075 156)

627 2092 934 2151 diluantur
981 2093 1079 2167 (cf.
1125 2091 1339 2151 Hertel
1385 2114 1443 2170 p.
1492 2093 1688 2169 436)?

804 2180 1237 2239 Firmissimum
1284 2181 1540 2257 denique
1600 2190 2016 2259 argumentum
2061 2180 2427 2258 Loeningius
2472 2179 2586 2255 (ΙΙ,
2628 2201 2684 2257 p.
2715 2177 2875 2252 433)

626 2270 881 2347 protulit
924 2270 1217 2345 regulam,
1266 2291 1443 2346 quam
1490 2271 1788 2343 Donatus,
1847 2271 2157 2348 episcopus
2203 2268 2722 2339 Vesontionemis,
2769 2266 2878 2343 qui

628 2364 783 2417 teste
826 2359 872 2418 J
874 2376 989 2417 ona
1034 2359 1163 2434 (vit.
1197 2358 1323 2417 Col.
1358 2360 1461 2430 22,
1491 2360 1652 2419 Mab.
1682 2359 1768 2431 II,
1814 2381 1872 2436 p.
1912 2360 2016 2435 14)
2047 2358 2398 2417 Waldeleno
2445 2357 2582 2416 duci
2627 2359 2878 2433 ejusque

628 2447 801 2505 uxori
857 2447 1063 2506 liberis
1124 2449 1463 2508 carentibus
1519 2455 1772 2525 rogante
1819 2448 2109 2507 Columba
2164 2468 2200 2505 a
2245 2447 2356 2504 deo
2412 2454 2542 2505 erat
2602 2446 2880 2518 donatae,

630 2536 893 2595 Jussano
938 2537 1297 2597 monasterio
1346 2560 1381 2596 a
1427 2558 1487 2597 se
1522 2544 1581 2596 et
1614 2558 1652 2595 a
1682 2544 1870 2596 matre
1903 2556 2009 2595 sua
2045 2536 2282 2595 condito
2315 2534 2535 2593 indidit
2567 2534 2882 2610 (Holsten·

629 2624 886 2684 Brockie
931 2625 983 2698 I,
1028 2646 1087 2702 p.
1130 2626 1209 2683 37
1222 2628 1302 2701 7).
1326 2627 1351 2663 ¹
1440 2626 1591 2701 Ejus
1635 2626 1796 2684 enim
1841 2626 2172 2702 puellarum
2219 2623 2564 2683 monasterii
2609 2624 2884 2699 regulam

630 2720 785 2773 teste
814 2713 1151 2791 Loeningio
1182 2714 1457 2774 Donatus
1490 2736 1563 2774 ex
1594 2714 1878 2787 Caesarii,
1923 2714 2254 2786 Benedicti,
2301 2712 2626 2775 Columbae
2657 2712 2886 2788 regulis.

631 2803 719 2861 ita
766 2804 1122 2879 composuit,
1182 2808 1253 2861 ut
1298 2807 1583 2879 majorem
1628 2804 1895 2881 capitum
1940 2810 2169 2880 partem
2217 2822 2253 2860 a
2297 2802 2504 2879 regula
2549 2799 2640 2859 St.
2687 2800 2881 2859 Bene·

630 2890 780 2951 dicti
825 2897 1217 2963 mutuaretur,
1264 2892 1367 2950 sed
1412 2893 1595 2950 etiam
1642 2914 1714 2950 ex
1746 2891 2070 2951 Columbae
2115 2893 2322 2967 regula
2369 2890 2652 2948 nonnulla
2681 2896 2884 2967 transf·

632 2978 918 3039 scriberet
962 2978 1185 3057 partim
1231 2980 1307 3038 ad
1354 2981 1601 3039 verbum
1647 2988 1880 3057 partem
1927 2986 2156 3039 mutata
2209 3000 2318 3056 pro
2378 2979 2706 3056 puellarum
2753 2997 2878 3037 mo-

632 3067 880 3127 nasterii
947 3088 1075 3127 usu.
1189 3067 1266 3125 Id
1335 3089 1479 3128 vero
1549 3069 1770 3146 ipsum,
1857 3068 2016 3145 quod
2087 3069 2394 3145 proprium
2471 3073 2562 3125 est
2636 3066 2884 3143 regulae

634 3155 985 3230 Columbae,
1056 3158 1353 3217 crebriora
1414 3159 1518 3216 illa
1564 3158 1813 3217 verbera
1860 3158 1922 3215 in
1967 3164 2186 3234 poenas
2247 3156 2574 3233 insumpta,
2635 3153 2882 3213 minime

633 3246 849 3305 omissa
889 3250 1031 3305 sunt
1076 3266 1110 3304 a
1142 3246 1402 3308 Donat0.
1476 3247 1644 3320 Quae
1691 3266 1824 3305 cum
1870 3247 1958 3304 ita
2005 3246 2142 3317 sint,
2190 3245 2456 3304 dubitari
2497 3263 2619 3303 non
2664 3248 2884 3321 potest,

637 3332 779 3409 quin
842 3336 1083 3410 regulae
1142 3334 1303 3394 illius
1364 3335 1722 3395 coenobialis
1781 3341 1990 3394 auctor
2051 3334 2344 3393 Columba
2404 3332 2602 3392 fuerit.
2713 3332 2886 3405 Quae

634 3427 837 3478 utrum
885 3423 1045 3501 apud
1090 3423 1471 3482 Holstenium
1514 3424 2080 3501 interpolationibus
2133 3429 2310 3481 aucta
2363 3444 2443 3481 an
2495 3420 2559 3480 in
2607 3420 2742 3479 aliis
2789 3440 2893 3480 co·.

633 3507 869 3569 dinibus
910 3510 1194 3569 mutilata
1240 3512 1344 3584 sit,
1394 3512 1736 3590 *dijudicare
1783 3519 1990 3570 nostra
2034 3531 2153 3570 non
2199 3511 2466 3570 interest.
2555 3510 2710 3569 Nam
2760 3509 2890 3568 sive'

582 3626 587 3637 ‚
626 3598 750 3655 'hoc
778 3597 953 3670 sive,-
982 3598 1139 3672 quod
1186 3600 1459 3675 equidem
1506 3600 1734 3672 malim,
1780 3600 1930 3657 illud
1975 3600 2330 3669 affirmatur,
2369 3603 2599 3676 justum
2647 3598 2721 3656 de
2769 3596 2884 3657 Co-

546 3761 551 3763 *
607 3686 873 3759 ·lumbae
924 3682 1139 3763 'regula
1184 3692 1438 3765 ‚eiusque
1498 3696 1714 3747 natura
1779 3695 1958 3763 atque
2017 3688 2213 3747 indole
2268 3688 2558 3763 judicium
2613 3688 2887 3745 feceruut

546 3764 553 3771 ’
637 3758 1031 3851 Rettbergius
1063 3774 1173 3850 (Π,
1205 3798 1263 3853 p.
1296 3774 1423 3837 680
1456 3778 1630 3853 sqq.),
1671 3776 1982 3835 Hertelius
2013 3778 2096 3854 (p.
2131 3776 2257 3834 449
2292 3778 2465 3854 sqq.),
2511 3774 2888 3851 Loeningius

640 3861 753 3939 (Π,
798 3884 856 3939 p.
907 3862 1035 3919 434
1080 3867 1213 3941 ΒΨ),
1268 3865 1346 3924 ad
1392 3883 1538 3939 quos
1584 3864 1769 3923 libros
1815 3864 2100 3941 delegare>
2137 3865 2300 3927 mihi.
2325 3865 2504 3924 liceat
2549 3864 2890 3925 accuratius

641 3958 1039 4029 quaerentem,
1086 3959 1155 4011 ut
1199 3954 1312 4030 ipsi
1359 3972 1609 4031 pergere
1655 3954 1948 4031 possimus
1995 3953 2072 4012 ad
2117 3974 2212 4025 ea,
2261 3972 2414 4029 quae
2457 3958 2704 4013 restant.

823 4109 843 4139 ²
881 4107 959 4161 Et
1008 4108 1069 4161 in
1118 4106 1489 4161 describendo
1538 4106 1674 4159 libri
1725 4107 1848 4159 loco
1900 4102 2064 4160 etin
2114 4107 2239 4175 ipsa
2283 4076 2344 4161 re
2390 4080 2707 4177 Loeningio
2753 4123 2890 4161 con-

639 4178 817 4233 fidere
856 4182 1085 4232 coactus
1123 4196 1271 4243 sum,
1331 4178 1461 4246 quia
1509 4177 1858 4231 bibliotheca
1907 4180 2102 4230 nostra
2142 4177 2451 4247 Lipsiensis
2489 4178 2669 4231 solam
2708 4178 2888 4245 ipsius

554 4304 558 4309 ,
641 4248 932 4303 Holstenii
969 4249 1279 4303 editionem
1318 4248 1577 4316 (Romae.
1620 4247 1786 4315 1661)
1812 4247 2079 4316 possidet,
2121 4264 2231 4301 non
2259 4248 2419 4301 illam
2444 4264 2548 4315 per
2575 4248 2890 4303 Brockium

641 4323 866 4373 auctam
905 4320 1180 4389 (vindob.
1227 4318 1406 4387 1759).
