3259 5084
1578 279 2008 339 -84-

851 459 1018 533 Quae
1066 478 1199 518 cum
1243 457 1331 518 ita
1362 462 1599 529 essent,
1658 456 1788 515 fieri
1833 478 1952 520 non
2005 457 2228 535 potuit,
2291 456 2436 535 quin
2495 455 2727 533 saepius
2786 475 2908 515 una

672 547 915 607 eccles-ia
982 546 1415 607 necessitudine
1482 546 1812 623 attingeret
1877 546 2146 607 alteram.
2253 545 2430 619 Quod
2499 544 2910 608 commercium

673 636 845 714 quale
889 635 1089 709 fuerit,
1137 654 1487 711 cognoscere
1532 634 1776 695 maximi
1820 636 2102 695 momenti
2147 642 2240 700 est
2292 635 2369 695 ad
2407 633 2792 711 judicandum
2837 633 2912 691 de

672 725 951 785 ecclesiae
996 723 1309 783 Scotorum
1353 730 1590 785 natura.
1650 722 1805 783 Nam
1851 744 1983 786 cum
2013 724 2312 798 Britones,
2357 731 2428 783 ut
2471 744 2652 801 supra
2683 724 2766 800 (p.
2799 722 2912 796 27)

673 814 945 887 vidimus,
990 810 1327 894 reliyionem
1356 808 1693 893 Anylorum
1715 832 1834 892 pro
1863 808 2042 873 nihilo
2071 810 2342 875 haberent
2385 832 2564 893 neque
2606 810 2670 873 in
2713 807 2914 892 aliquo

674 900 745 963 iis
789 900 977 985 anz's
1025 900 1514 963 communicarent
1542 920 1724 982 quam
1758 900 2015 981 paganis
2046 902 2240 977 (Beda
2267 904 2327 961 h.
2358 925 2406 965 e.
2441 904 2498 975 2,
2531 902 2634 975 20,
2669 902 2704 979 ἓ
2745 901 2918 977 147),

676 990 841 1051 Scoti
880 1012 1013 1050 cum
1044 991 1349 1064 Romanis,
1394 990 1654 1051 Romani
1701 1012 1832 1049 cum
1863 989 2059 1051 Scotis
2102 994 2426 1055 utebantur
2472 989 2918 1062 consuetudine,

674 1100 797 1141 non
841 1086 1007 1141 arcta
1052 1080 1291 1156 quidem
1336 1080 1463 1153 illa,
1511 1080 1617 1140 sed
1661 1080 1770 1139 tali
1785 1124 1801 1153 ,
1847 1100 2001 1157 quae
2045 1082 2508 1143 luculentissime
2555 1080 2917 1157 comprobet,

674 1170 870 1229 nullas
926 1168 1270 1231 inimicitias
1328 1168 1503 1229 initio
1562 1169 1744 1228 fuisse
1802 1168 1959 1231 inter
2018 1169 2328 1231 Scotorum
2390 1176 2454 1231 et
2512 1168 2920 1230 Romanorum

676 1258 968 1326 ecclesias.
1058 1258 1237 1331 Nam,
1284 1264 1357 1319 ut
1398 1257 1517 1319 alia
1562 1258 1859 1331 omittam,
1904 1258 2150 1321 Birinus
2194 1260 2320 1332 ille,
2365 1258 2468 1341 qui
2510 1278 2644 1318 cum
2683 1253 2918 1319 consilio

676 1342 939 1407 Honorii
968 1365 1174 1425 papae
1216 1342 1279 1405 in
1310 1342 1699 1407 Britanniam
1741 1356 1988 1419 venerat,
2033 1348 2098 1409 in
2141 1349 2538 1428 praedicando
2584 1348 2770 1409 verbo
2800 1345 2918 1410 Dei

678 1434 1053 1511 adjutoribus
1112 1454 1254 1497 usus
1312 1441 1403 1495 est
1462 1434 1802 1513 GynigilsO,
1868 1457 2009 1513 rege
2071 1434 2538 1507 Occidentalium
2599 1436 2914 1507 Saxonum,

681 1544 856 1603 quem
900 1524 1029 1601 ipse
1077 1524 1505 1627 baptizaverat,
1554 1532 1615 1585 et
1651 1560 1726 1571 --
1763 1525 2733 1602 Oswa1d0,Nordanhymbrm-um
2779 1543 2914 1601 rego

680 1620 743 1675 et
808 1632 1035 1674 summo
1106 1614 1225 1681 suis
1294 1615 1663 1693 temporibus
1730 1614 1988 1675 omnium
2057 1614 2286 1695 Anglo-
2291 1615 2594 1680 Saxonum
2663 1614 2919 1685 domino,

678 1700 919 1763 Aedani
964 1701 1177 1775 amicO,
1220 1723 1259 1761 a
1306 1702 1501 1763 Scotis
1545 1702 1852 1779 baptizato
1899 1703 2093 1779 (Beda
2138 1706 2192 1763 11.
2243 1726 2290 1764 e.
2342 1706 2399 1779 3,
2435 1707 2490 1779 7,
2537 1707 2572 1783 ξ
2625 1705 2746 1763 167
2787 1704 2920 1778 sq..)

682 1791 955 1853 Secunda
1000 1791 1171 1851 testis
1218 1792 1386 1854 adest
1429 1792 1812 1867 Aediltryda,
1858 1793 1984 1851 filia
2026 1791 2277 1868 Annae,
2323 1795 2482 1871 regis
2529 1790 2920 1853 Orientalium

682 1880 1035 1957 Anglorum,
1084 1880 1189 1957 qui
1221 1902 1257 1939 a
1288 1880 1632 1941 cantuariis
1675 1879 1852 1941 fidem
1898 1890 2283 1961 susceperant
2328 1884 2521 1959 (Beda
2552 1883 2608 1941 11.
2641 1902 2690 1941 e.
2725 1881 2782 1953 3,
2819 1880 2919 1951 18,

684 1970 721 2046 ἓ
758 1970 933 2045 199).
1026 1968 1249 2046 Nupsit
1310 1968 1465 2029 enim
1525 1989 1680 2031 anno
1729 1971 1854 2029 660
1903 1970 2180 2072 1113111ᾱο,
2243 1972 2469 2033 Oswini
2513 1969 2922 2045 Nordanhym-

683 2060 927 2117 brorum
970 2058 1130 2133 regis
1174 2057 1315 2130 filio,
1362 2064 1423 2117 et
1468 2058 1777 2119 duodecim
1824 2060 1995 2119 annis
2041 2068 2180 2138 post
2207 2096 2294 2109 —-
2324 2062 2474 2119 illud
2501 2060 2742 2137 quidem
2787 2062 2925 2136 post

684 2146 972 2223 synodum
1020 2144 1674 2207 strenaeshalchensem
1721 2183 1796 2191 —
1841 2149 2027 2207 vitam
2073 2150 2474 2209 monachicam
2519 2154 2611 2207 est
2655 2148 2927 2225 amplexa

684 2235 750 2293 in
796 2242 997 2294 vetere
1038 2234 1357 2295 Scotorum
1400 2237 1786 2309 monasterio,
1847 2237 2063 2299 coludi
2105 2240 2252 2299 urbe
2297 2238 2492 2313 (Beda
2536 2238 2592 2294 h.
2636 2257 2686 2293 e.
2729 2236 2926 2307 4,19,

686 2324 723 2402 ἓ
758 2324 883 2383 309
918 2327 1049 2401 sqq)
1110 2325 1365 2402 denique
1419 2346 1537 2385 uno
1596 2330 1896 2387 transacto
1953 2346 2107 2385 anno
2154 2326 2283 2404 ipsa
2327 2345 2546 2385 novum
2593 2324 2930 2383 construxit

686 2414 1137 2486 monasterium,
1199 2413 1375 2490 Elge,
1436 2414 1499 2473 in
1544 2414 1856 2492 provincia
1901 2414 2292 2475 Orientalium
2317 2414 2702 2491 .Anglorum,
2768 2412 2930 2488 quod

686 2501 1001 2561 Scotorum
1062 2502 1436 2565 monasteriis
1492 2504 1640 2563 adeo
1701 2504 1916 2577 similev
1947 2504 2128 2563 fuisse
2173 2503 2435 2575 videtur,
2503 2508 2576 2561 ut
2619 2500 2931 2571 Ebrardus

690 2594 773 2669 (p.
806 2592 961 2667 204)
1008 2591 1293 2668 temporis
1338 2592 1591 2651 calculos
1653 2594 1979 2655 subducere
2025 2592 2307 2653 omittens
2367 2592 2525 2653 inter
2571 2590 2930 2649 monasteria

686 2679 1121 2753 C,u‘ldeorum
1168 2680 1441 2740 videatur
1485 2702 1824 2743 numerasse
1870 2682 2018 2740 illud
2063 2680 2502 2742 monasterium.
2539 2716 2618 2725 —-
2667 2679 2928 2741 Tertiam

690 2774 904 2829 testem
948 2768 1271 2845 producam
1316 2770 1564 2829 Hildam
1610 2772 1972 2831 abbatissam
2018 2769 2688 2831 Strenaeshalchensem.
2763 2768 2922 2827 Haec

680 2857 847 2923 ,enim
893 2855 975 2917 ad
1006 2856 1509 2936 praedicationem
1552 2856 1814 2935 Paulini,
1851 2858 2050 2937 pn‘mz‘
2089 2854 2176 2917 N
2167 2856 2736 2938 ordanlzymbrorum
2777 2852 2914 2933 φῶ·

690 2944 841 3024 copi,
864 2944 1056 3027 fidem
1102 2954 1153 3005 et
1196 2956 1561 3007 sacramenta
1610 2943 1832 3007 Clari-sti
1873 2955 2200 3025 susceperat
2259 2955 2322 3008 et
2381 2954 2586 3027 postea
2627 2946 2920 3019 integrum

692 3054 911 3095 annum
957 3034 1201 3095 vivebat
1244 3036 1305 3097 in
1351 3037 1709 3096 monasterio
1755 3036 1818 3093 in
1859 3035 2266 3096 Orientalibus
2309 3035 2528 3113 Anglis
2573 3035 2924 3104 constructo,
2989 3084 2995 3090 .

692 3125 841 3201 quin
887 3124 1069 3185 etiam
1112 3124 1489 3185 desiderabat
1533 3126 1595 3183 in
1643 3124 1904 3185 Galliam
1956 3125 2301 3201 pervenire.
2289 3147 2302 3160 ·
2373 3127 2475 3185 sed
2533 3128 2810 3185 revocata
2865 3120 2932 3181 in

693 3213 953 3291 patriam
998 3215 1075 3273 ab
1120 3214 1373 3273 Aedano
1431 3214 1708 3292 episcopo
1769 3213 2076 3276 abbatissa
2119 3212 2734 3274 Strenaeshalchensis
2777 3212 2936 3271 facta

694 3306 787 3361 est
832 3308 893 3359 et
936 3303 999 3361 in
1044 3303 1268 3378 synodo
1322 3304 1387 3361 in
1446 3304 1634 3381 ipsius
1689 3303 2048 3364 monasterio
2102 3303 2312 3363 habita
2357 3324 2394 3361 a
2441 3301 2754 3370 Scotorum
2799 3319 2934 3375 par·

696 3390 861 3449 tibus
920 3392 1093 3452 stetit
1150 3392 1343 3467 (Beda
1396 3392 1453 3451 h.
1504 3414 1551 3451 e.
1599 3393 1668 3465 4,
1717 3394 1828 3466 23,
1889 3393 2100 3471 §323
2150 3413 2310 3469 sqq.;
2381 3393 2446 3462 3,
2496 3390 2608 3461 25,
2667 3391 2702 3466 ξ)
2764 3386 2937 3463 228).

698 3479 989 3552 Quartam
1044 3480 1297 3555 denique
1352 3482 1591 3541 nomino
1637 3481 2012 3554 Eanfiedam‚
2081 3481 2349 3543 Aeduini
2407 3478 2562 3555 regis
2622 3476 2832 3549 filiam,
2905 3496 2941 3537 a

698 3567 953 3627 Paulino
999 3568 1367 3645 baptizatam
1414 3571 1495 3645 (h.
1528 3590 1575 3629 e.
1611 3572 1668 3642 2,
1705 3572 1762 3643 9,
1795 3572 1831 3647 ξ
1872 3570 2042 3646 114),
2089 3592 2242 3648 quae
2285 3576 2492 3650 postea
2539 3567 2670 3645 regi
2702 3565 2941 3627 Oswino

698 3656 907 3733 nupsit
952 3656 1046 3733 (h.·
1074 3678 1123 3717 e.
1170 3660 1225 3731 3,
1274 3658 1372 3731 15,
1418 3660 1455 3735 ἓ
1504 3660 1674 3733 191).
1724 3693 1798 3702 -
1853 3658 1973 3717 Sed
2029 3680 2103 3718 ne
2157 3661 2334 3737 plura
2390 3656 2732 3733 hujusmodi
2773 3656 2940 3715 testi-

698 3745 899 3805 monia
958 3747 1265 3825 proferens
1325 3747 1660 3805 molestiam
1719 3746 1964 3805 afferam
2029 3748 2396 3827 legentibus,
2465 3753 2795 3807 extremum
2863 3744 2945 3805 sit

702 3840 1173 3909 commemorare,
1222 3836 1382 3913 quod
1427 3836 1587 3913 ipsos
1633 3836 1942 3913 utriusque
1989 3837 2268 3897 ecclesiae
2315 3835 2557 3897 clericos
2601 3833 2944 3912 saepissime

702 3924 1035 3983 invenimus
1081 3925 1145 3983 in
1190 3945 1311 4001 una
1356 3925 1661 4001 provincia
1706 3925 2007 3998 viventes;
2075 3926 2314 3985 nomino
2355 3924 2404 3983 J
2405 3924 2658 3983 acobum
2703 3922 2946 3983 Paulini

700 4012 966 4092 episcopi
1012 4012 1351 4085 diaconum,
1415 4014 1518 4089 qui
1561 4014 1818 4073 Paulino
1877 4015 2120 4093 expulso
2174 4014 2238 4072 in
2291 4013 2348 4074 N
2352 4012 2814 4088 ordanhymbria
2855 4030 2945 4071 re·

702 4102 876 4161 lictus
924 4102 1117 4177 (Beda
1148 4102 1203 4159 h.
1238 4123 1284 4161 e.
1320 4104 1376 4175 2,
1413 4103 1513 4175 20,
1545 4104 1581 4181 ἓ
1620 4104 1770 4181 149)
1816 4104 1905 4163 ibi
1948 4122 2058 4181 per
2102 4109 2298 4162 totum
2339 4107 2593 4181 tempus,
2641 4121 2758 4177 quo
2807 4099 2946 4159 Sco·

703 4196 902 4249 torum
948 4190 1193 4249 ecclesia
1238 4191 1514 4265 florebat,
1576 4198 1878 4270 superstes
1940 4193 2220 4251 manebat
2278 4211 2466 4267 usque
2527 4190 2605 4249 ad
2657 4188 2951 4267 synodum

703 4278 1357 4339 Strenaeshalchensem
1390 4280 1470 4355 (h.
1504 4302 1553 4341 e.
1589 4282 1648 4361 3,
1683 4281 1783 4353 25,
1826 4282 1862 4358 ἓ
1897 4282 2024 4339 226
2059 4286 2118 4339 et
2151 4280 2323 4357 228),
2369 4280 2584 4340 deinde
2612 4279 2949 4339 Romanum

704 4368 1145 4444 presbyterum,
1204 4368 1306 4445 qui
1352 4390 1483 4429 cum
1528 4370 1819 4429 Eanfleda
1866 4369 2070 4447 regina
2115 4369 2178 4429 in
2223 4367 2804 4445 Nordanhymbriam
2849 4387 2950 4427 ve-
