3259 5084
1266 283 1707 384 ...1954

369 473 636 554 exemplo
705 472 1054 534 confirmare
1118 495 1442 552 possumus.
1533 475 1721 552 Apud
1785 463 2141 559 Gregorium
2204 469 2359 536 enim
2422 464 2609 535 Ture*

367 587 606 624 nensem
653 565 903 642 legimus
947 563 1304 622 Maeliavum
1353 564 1664 640 quendam,
1714 564 2040 637 Britonem,
2089 565 2335 623 fratrem
2378 563 2609 623 Chana-

368 654 497 713 onis
545 654 712 712 ducis
758 652 1126 724 Armoricae,
1189 647 1516 710 Veneticam
1559 651 1763 712 urbem
1812 653 1873 728 (i.
1916 673 1965 713 e.
2000 653 2269 730 Vannes)
2317 653 2613 733 effletiisse

367 741 554 823 ibique
595 748 963 802 tonsuratum
1008 739 1341 823 episcopum
1387 760 1502 801 esse
1549 739 1905 813 ordinatam,
1953 751 2185 801 mortuo
2232 751 2424 802 autem
2458 739 2610 800 Cha-

333 835 338 842 '
367 849 552 890 naono
582 833 660 907 (a.
693 831 748 888 d.
787 830 940 906 553)
987 829 1404 909 apostatavisse
1446 839 1496 888 et
1541 828 1805 890 demissis
1852 827 2079 908 capillis
2123 851 2388 901 umorem,
2434 851 2614 911 quam

365 928 499 999 post
552 919 882 980 clericatum
928 916 1256 1000 reliquerat,
1302 937 1436 978 cam
1478 938 1657 999 reyno
1694 917 1917 1000 fratris
1968 915 2145 978 simul
2194 918 2477 998 accepisse
2528 947 2615 962 -·-

369 1007 472 1070 sed
526 1007 602 1067 ab
655 1007 938 1091 episcopis
985 1045 1068 1052 —
1116 1009 1304 1084 iisque
1359 1009 1567 1086 procul
1624 1009 1803 1067 dubio
1860 1007 2210 1067 Britonibus
2264 1043 2337 1052 -—-
2390 1028 2612 1068 earcom-

367 1095 729 1161 munieatum
775 1116 892 1156 esse
937 1098 1016 1173 (h.
1051 1119 1097 1156 e.
1129 1097 1242 1170 IV,
1277 1098 1334 1154 4.
1368 1098 1447 1155 H.
1481 1097 1598 1156 and
1630 1097 1717 1156 St.
1750 1097 1837 1170 II,
1876 1100 1927 1171 1,
1958 1119 2016 1175 p.
2054 1097 2179 1174 75).
2359 1159 2362 1162 ,

548 1185 852 1246 Refutatis
911 1187 1121 1264 igitur,
1148 1249 1162 1258 ἡ
1184 1207 1333 1262 quae
1389 1187 1462 1244 de
1517 1186 1892 1245 sacerdotum
1950 1186 2343 1246 matrimoniis
2398 1187 2473 1244 ab
2522 1207 2613 1244 ec-

371 1274 547 1336 clesia
595 1277 909 1334 Britonum
957 1276 1225 1352 probatis
1273 1295 1558 1353 persaepe
1604 1282 1745 1335 sunt
1790 1277 1948 1348 ficta,
1996 1276 2324 1352 peculiares
2373 1281 2433 1334 et
2478 1296 2612 1353 pro-

329 1355 531 1443 ¹prios
603 1365 922 1424 Britonum
1007 1385 1197 1422 mores
1262 1365 1376 1422 hoc
1441 1365 1572 1424 loco
1643 1384 1763 1422 non
1830 1365 2161 1424 invenimus
2229 1365 2343 1422 nisi
2412 1365 2613 1424 hosce:

369 1454 871 1532 computationem
940 1454 1246 1532 propriam
1316 1454 1455 1513 festi
1531 1454 1829 1533 paschalis
1908 1461 1967 1512 et
2044 1455 2406 1531 peculiarem
2484 1460 2615 1512 ton-

368 1564 540 1603 surae
587 1544 852 1601 formam.

548 1632 856 1690 Paschalis
903 1632 1093 1705 illius,
1155 1637 1224 1690 ut
1270 1631 1358 1690 ita
1405 1631 1626 1704 dicam,
1688 1631 1849 1690 inter
1894 1631 2194 1690 Romanas
2250 1637 2312 1690 et
2358 1630 2617 1690 Celticas

371 1721 650 1780 ecclesias
717 1721 1156 1780 controversiae
1235 1720 1531 1798 principia
1609 1721 2005 1780 astronomica
2075 1726 2136 1778 et
2205 1720 2617 1801 chronologica

370 1811 562 1868 denuo
597 1811 964 1888 perscrutari
997 1831 1190 1867 meum
1222 1830 1341 1866 non
1372 1811 1598 1887 putavi,
1650 1815 1740 1868 est
1788 1809 1942 1866 enim
1985 1830 2079 1867 res
2114 1809 2365 1867 maxime
2396 1810 2617 1868 odiosa.

373 1899 553 1957 Teste
613 1899 888 1958 Ebrardo
954 1901 1036 1976 (p.
1092 1900 1301 1956 19-7
1309 1899 1374 1974 8)
1437 1898 1841 1957 controversia
1912 1919 2029 1956 non
2094 1903 2223 1955 erat
2285 1898 2357 1956 de
2423 1899 2617 1974 cycliS,

377 1987 593 2064 quibus
638 1987 777 2046 festi
822 1988 946 2046 dies
994 1987 1302 2066 paschales
1360 1977 1877 2066 computarentur,
1948 1987 2049 2046 sed
2112 1987 2308 2065 posita
2364 1993 2493 2046 erat
2558 1988 2618 2044 in

381 2096 450 2134 ea
498 2095 578 2147 re,
625 2080 840 2149 utrum,
889 2097 1018 2135 cum
1065 2076 1245 2155 primi
1290 2083 1427 2153 post
1473 2077 1915 2156 aequinoctium
1960 2075 2273 2154 plenilunii
2318 2076 2442 2134 dies
2475 2077 2536 2154 (i.
2570 2097 2618 2134 e.

376 2163 586 2224 Nisani
632 2165 1098 2242 quartadecima)
1165 2166 1402 2225 caderet
1461 2166 1522 2224 in
1587 2166 1744 2225 diem
1804 2165 2193 2238 dominicam,
2260 2167 2465 2224 liceret
2510 2166 2619 2224 hac

375 2253 505 2332 ipsa
536 2253 708 2312 lunae
744 2255 1188 2332 quartadecima
1235 2256 1454 2314 festum
1499 2254 1950 2314 resurrectionis
1997 2253 2219 2312 domini
2266 2255 2423 2312 diem
2470 2255 2618 2314 cele-

372 2344 562 2414 brare,
612 2364 811 2402 necne.
905 2343 1162 2402 Romani
1225 2345 1379 2402 enim
1441 2344 1544 2402 illa
1607 2349 1804 2403 aetate
1867 2345 2083 2402 festum
2138 2344 2414 2420 paschale
2460 2344 2621 2402 intra

375 2433 582 2489 1ssmam
614 2438 676 2490 et
711 2434 920 2489 22ιιῑιειιῑιῐι
965 2434 1140 2491 lunae
1190 2432 1344 2491 diem
1394 2435 1777 2492 celebrabant
1822 2433 1859 2490 i.
1893 2453 1941 2490 e.
1974 2433 2147 2490 lunae
2180 2437 2345 2490 sexta
2377 2430 2620 2504 decima,

369 2541 502 2579 cum
549 2521 940 2599 plenilunium
990 2523 1190 2596 (lunae
1245 2523 1427 2598 14:¹2⁸)
1475 2522 1770 2581 inciderat
1815 2521 1877 2578 in
1926 2520 2081 2578 diem
2131 2521 2400 2592 Veneris,
2446 2522 2621 2579 lunae

376 2611 536 2666 l7¹'³a
583 2631 715 2668 cum
761 2611 823 2667 in
867 2610 914 2669 J
915 2609 1040 2668 ovis
1089 2609 1242 2666 diem
1293 2615 1434 2682 etc.;
1479 2611 1609 2689 ipsa
1658 2615 1856 2669 autem
1902 2611 2075 2667 lunae
2122 2609 2280 2666 14¹¹²²
2320 2611 2619 2668 celebran-

374 2697 514 2754 dum
562 2717 680 2755 non
728 2718 852 2756 esse
900 2699 1220 2756 censebant
1266 2703 1341 2771 et,
1401 2700 1540 2774 quia
1597 2699 1940 2776 ambiguum
1998 2717 2175 2776 saepe
2222 2703 2375 2757 esset
2433 2698 2619 2776 pleni·

370 2785 520 2844 lunii
567 2791 816 2866 tempus,
863 2807 938 2844 ne
991 2785 1150 2846 15¹³*
1199 2787 1451 2863 quidem.
1542 2787 1825 2846 Britones
1871 2794 2069 2846 autem
2116 2789 2202 2863 (et
2248 2785 2468 2864 Secti),
2534 2793 2619 2845 et·

370 2874 542 2933 iamsi
575 2875 795 2934 Judaei
836 2876 1043 2934 eadem
1090 2877 1264 2934 lunae
1319 2877 1476 2934 14Ιῑιιιι
1517 2877 1741 2958 pascha
1788 2897 1954 2935 suum
1991 2877 2372 2949 celebrarent,
2421 2883 2620 2934 tamen

369 2965 522 3022 hanc
575 2963 754 3037 diem,
818 2985 949 3023 cum
997 2965 1284 3024 incideret
1329 2966 1393 3023 in
1438 2966 1594 3024 diem
1644 2965 2026 3039 dominicam,
2074 2965 2455 3041 rejiciendam
2500 2983 2620 3024 non

372 3073 494 3112 esse
541 3053 1007 3112 arbitrabantur.
2594 3047 2598 3056 ’

551 3141 684 3215 Qua
729 3141 793 3198 in
841 3143 1244 3222 controversia
1291 3143 1508 3202 nullius
1555 3143 1841 3202 momenti
1883 3143 2063 3205 fuisse
2102 3142 2412 3201 Ebrardus
2460 3141 2617 3200 affir-

371 3239 524 3303 mat,
597 3230 754 3306 quod
801 3231 1085 3290 Britones
1146 3232 1342 3290 lunari
1404 3232 1711 3308 octoginta
1772 3238 2029 3309 quatuor
2092 3251 2381 3290 annorum
2437 3231 2618 3306 cycIO,

369 3317 628 3377 Romani
689 3321 849 3396 cyclo
897 3319 1154 3380 Victorii
1215 3320 1589 3397 undeviginti
1651 3341 1961 3394 annorum,
2035 3341 2207 3398 quem
2270 3339 2425 3379 anno
2490 3319 2617 3378 465

371 3414 745 3486 receperant,
793 3410 1144 3482 utebantur,
1205 3417 1272 3468 111
1319 3415 1764 3488 computarent,
1830 3430 2007 3487 quam
2054 3410 2113 3468 in
2162 3410 2315 3468 diem
2362 3409 2619 3487 primum

371 3497 520 3554 illud
566 3497 724 3556 veris
770 3498 1166 3576 plenilunium
1216 3499 1450 3576 (Nisani
1505 3500 1686 3575 14ma)
1742 3499 2049 3557 incideret.
2144 3498 2309 3572 Quae
2358 3498 2621 3556 Ebrardi

372 3586 667 3644 sententia
699 3586 858 3646 haud
890 3587 1007 3646 scio
1041 3609 1236 3646 annon
1270 3591 1490 3664 majore
1525 3589 1641 3646 fide
1690 3587 1872 3664 digna
1920 3588 1999 3646 sit
2045 3607 2221 3663 quam
2268 3587 2418 3646 aliae
2467 3590 2617 3663 ejus⁴

372 3674 520 3732 dem.
611 3675 750 3734 Jam
813 3665 1176 3735 Gumeanum
1241 3679 1420 3753 (anno
1472 3677 1616 3750 634,
1676 3679 1747 3734 cf.
1794 3677 1976 3753 infra)
2038 3683 2099 3734 et
2159 3675 2386 3734 Bedam
2449 3676 2621 3734 aliter

371 3763 619 3822 sensisse
677 3765 803 3841 ipse
851 3765 1158 3824 Ebrardus
1215 3765 1559 3839 confitetur,
1633 3785 1822 3842 neque
1886 3765 2221 3823 dubitarem
2284 3771 2493 3842 putare
2555 3766 2618 3822 in

370 3854 480 3912 hac
527 3859 650 3912 tam
700 3853 927 3912 difficili
975 3876 1149 3914 causa
1197 3862 1426 3914 veteres
1473 3855 1606 3913 illos
1656 3855 1971 3926 erravisse,
2034 3855 2080 3912 si
2142 3874 2324 3912 unum
2369 3854 2620 3913 haberet

369 3941 678 4002 Ebrardus
710 3945 1042 4004 sententiae
1075 3945 1313 4003 socium.
1392 3941 1508 4001 Sed
1550 3943 1676 4020 ipse
1709 3944 2057 4016 Haddanus,
2105 3944 2197 4003 vir
2229 3943 2618 4014 doctissimus,

369 4038 438 4091 ut
483 4039 712 4092 taceam
759 4033 832 4092 de
879 4033 1112 4091 Idelero
1161 4039 1220 4092 et
1267 4027 1422 4092 aliis:
1486 4029 1571 4090 all
1613 4029 1781 4103 these,
1831 4032 2029 4110 inquit
2076 4034 2180 4108 (H.
2230 4033 2348 4091 and
2395 4031 2483 4090 St.
2531 4031 2616 4104 II,

377 4123 429 4193 1,
475 4143 532 4199 p.
579 4124 613 4178 7
621 4121 660 4180 8
711 4127 830 4180 not.
877 4143 936 4200 p.
995 4124 1074 4180 77
1126 4143 1160 4180 a
1207 4123 1395 4200 perg.)
1445 4116 1662 4179 Easter
1722 4119 1979 4202 disputes
2038 4141 2205 4182 arose
2258 4117 2497 4199 merely¹
2522 4127 2619 4178 out

371 4208 445 4292 of
478 4223 516 4268 a
561 4208 862 4291 confusion
905 4210 1222 4292 respectiny
1269 4207 1464 4290 cyclos.
1557 4209 1634 4266 Id
1678 4231 1817 4268 vero
1867 4218 2091 4270 certum
2140 4216 2253 4283 est,
2311 4210 2469 4284 quod
2516 4209 2618 4268 ille

369 4320 494 4358 mos
541 4298 879 4357 celebrandi
925 4299 1062 4356 festi
1123 4300 1419 4378 paschalis
1477 4299 1638 4356 intra
1684 4299 1857 4358 lunae
1910 4300 2113 4358 14¹¹²⁸¹¹²
2154 4306 2215 4358 et
2259 4299 2466 4354 20m⁸¹¹¹
2514 4305 2619 4357 aut

369 4390 528 4448 intra
596 4390 799 4446 16¹1¹⁸m
857 4393 916 4446 et
975 4389 1181 4444 22mam
1227 4391 1302 4446 ab
1367 4390 1495 4466 ipsa
1553 4388 1865 4466 plenilunii
1928 4389 2370 4468 computatione
2430 4388 2616 4446 haud-

2224 4489 2297 4544 2*
