3259 5084
1519 251 1959 314 ...Μ-..1.

623 457 682 513 Ρ.
717 433 888 511 208).
948 433 1304 511 Ubicunque
1336 435 1490 492 enim
1535 435 1823 512 perfectio
1872 433 2192 494 christiana
2236 432 2299 492 in
2346 434 2503 494 votis
2546 431 2853 496 monacho·

625 545 755 582 rum
805 528 1072 583 constare
1117 523 1356 584 videtur
1400 524 1499 599 (cf.
1550 543 1730 602 supra
1776 545 1900 599 syn.
1947 523 2092 605 Luc.
2139 523 2298 584 Vict.
2346 523 2488 602 IX),
2557 525 2645 584 ibi
2688 545 2854 604 supe·

623 613 843 671 riorum
891 613 1182 689 graduum
1227 611 1426 672 clerici
1470 613 1534 671 in
1579 611 1973 672 matrimoniis
2024 612 2227 673 vivere
2272 613 2372 673 vix
2418 621 2683 692 possunt.
2754 613 2855 672 An

623 702 764 762 licet
809 702 1114 780 episcopos
1159 703 1352 761 minus
1397 702 1693 779 perfectos
1749 721 1875 762 esse
1929 722 2107 778 quam
2152 703 2468 762 monachos
2484 701 2513 761 Ρ
2582 703 2859 761 Profecto

624 813 743 850 non
798 790 998 864 licuit,
1066 811 1202 850 nam
1256 791 1614 868 simulatque
1669 790 1890 870 duplex
1944 791 2184 851 vivendi
2240 811 2446 851 norma
2463 837 2477 865 ,
2545 792 2692 852 haec
2737 811 2859 850 mo-

625 880 961 954 nachorum,
1007 880 1112 940 illa
1141 880 1407 953 aliorum,
1455 880 1518 938 in
1549 880 1853 940 ecclesiam
1885 886 2123 959 recepta
2154 886 2262 954 est,
2307 881 2439 939 fieri
2483 903 2601 940 non
2642 881 2858 960 potuit,

628 971 772 1048 quin
803 990 939 1028 mox
971 970 1247 1029 ecclesiae
1288 969 1628 1029 doctoribus
1675 969 1991 1042 videretur,
2039 976 2109 1028 ut
2155 970 2525 1048 superiorum
2569 971 2861 1048 graduum

625 1059 822 1118 clerici
867 1080 902 1119 a
949 1060 1222 1137 conjugio
1269 1061 1381 1134 vel,
1429 1059 1479 1118 si
1527 1066 1705 1118 antea
1749 1079 1962 1118 uxores
1981 1083 1989 1090 ·
2006 1059 2301 1119 duxerant
2316 1103 2331 1133 ,
2378 1080 2413 1118 a
2460 1061 2683 1119 carnali
2728 1080 2861 1119 cum

624 1148 974 1225 conjugibus
1021 1149 1426 1208 communione
1473 1149 1860 1208 abstinerent.
1952 1147 2071 1207 Sed
2110 1151 2238 1225 jam
2284 1149 2429 1208 satis
2476 1155 2566 1208 est
2611 1149 2859 1208 medita-

625 1239 879 1312 tionum,
941 1238 1247 1298 redeamus
1303 1238 1380 1298 ad
1435 1237 1693 1297 Gildam.
1783 1238 1940 1313 Quid
2003 1238 2117 1296 sibi
2162 1239 2383 1298 vellent
2428 1241 2608 1298 verba
2624 1284 2638 1312 ,
2711 1259 2863 1316 quae

624 1327 800 1387 Pauli
846 1328 1100 1405 apostoli
1143 1327 1263 1386 illis
1308 1330 1371 1404 (1
1423 1327 1574 1389 Tim.
1624 1329 1683 1401 3,
1731 1328 1797 1404 4)
1841 1328 1915 1386 de
1962 1327 2083 1386 suis
2130 1327 2361 1388 addidit
2404 1329 2634 1387 dicens:
2688 1347 2863 1409 „erqo

623 1414 962 1500 imperfecta
1007 1425 1087 1476 est
1127 1425 1369 1498 patrum
1413 1415 1667 1489 castitas,
1714 1415 1767 1476 si
1808 1415 1996 1477 cidem
2040 1425 2091 1476 et
2132 1435 2251 1476 non
2274 1415 2545 1501 filiorum
2590 1437 2858 1477 accumu-

625 1505 788 1565 letur.
879 1503 1002 1566 Sed
1060 1504 1202 1587 quid
1258 1505 1387 1577 erit,
1455 1503 1558 1565 ubi
1615 1525 1718 1564 nec
1748 1514 1927 1586 pater
1984 1525 2086 1564 nec
2125 1503 2321 1589 filius,
2388 1504 2537 1566 mali
2588 1505 2862 1588 yenitoris

627 1593 889 1674 exemplo
926 1603 1210 1675 pravatus
1257 1592 1607 1677 conspicitur
1651 1602 1883 1654 casbu3“
1941 1594 2083 1672 quid
2130 1595 2244 1654 sibi
2290 1597 2509 1655 vellent
2524 1641 2537 1668 ,
2602 1597 2859 1672 inquam,

626 1687 770 1744 haec
815 1687 1026 1758 verba,
1072 1684 1187 1744 nisi
1235 1683 1446 1744 Gildas
1493 1684 1915 1743 abstinentiam
1961 1685 2289 1763 postularet
2336 1706 2371 1744 a
2417 1685 2859 1744 sacerdotibus?

628 1774 1019 1848 „Castitatem
1075 1772 1604 1835 matrimonialem“
1654 1793 1829 1850 quam
1872 1773 2203 1832 Lutherum
2250 1774 2596 1832 Hermanno
2641 1774 2859 1832 Borus·

628 1885 824 1922 sorum
871 1864 1006 1922 duci
1053 1864 1303 1923 suasisse
1335 1867 1585 1936 constat,
1635 1882 1812 1939 quam
1843 1862 2219 1940 Paphnutius
2251 1863 2313 1921 in
2346 1863 2568 1940 synodo
2601 1863 2859 1924 Nicaena

628 1953 896 2013 laudasse
943 1953 1217 2026 traditur,
1251 1952 1481 2027 Gildae,
1529 1953 1751 2030 quippe
1800 1953 1902 2029 qui
1946 1953 2352 2030 virginitatem
2400 1951 2641 2010 maximi
2688 1952 2857 2010 aesti-

629 2043 910 2116 maverit,
981 2043 1045 2100 in
1099 2043 1294 2101 animo
1351 2043 1530 2102 fuisse
1578 2042 1724 2099 mihi
1769 2042 2124 2121 persuadere
2172 2063 2291 2100 non
2336 2061 2589 2120 possum.
2680 2041 2861 2102 Prae-

628 2137 790 2190 terea
823 2151 893 2189 ex
924 2132 1049 2190 loco
1083 2131 1336 2207 quodam
1368 2133 1615 2190 obscuro
1649 2129 1887 2213 (Gildas
1919 2151 2009 2208 ep.
2040 2133 2194 2208 1566,
2226 2153 2282 2209 p.
2308 2133 2409 2206 72,
2442 2152 2576 2192 vers
2602 2135 2638 2190 7
2650 2132 2862 2206 -11)‚

631 2241 805 2297 quem
853 2221 1186 2279 accuratius
1233 2221 1530 2299 explicare
1578 2221 1824 2298 longum
1872 2227 1980 2293 est,
2040 2220 2101 2278 id
2149 2221 2385 2296 quidem
2431 2223 2638 2300 procul
2685 2220 2865 2280 dubio

629 2309 868 2369 videtur
896 2329 1068 2388 posse
1099 2310 1297 2386 colligi
1343 2310 1677 2368 sacerdotes
1723 2310 2073 2388 plerumque
2118 2309 2179 2368 in
2228 2309 2428 2368 eadem
2477 2311 2651 2370 domo
2696 2310 2865 2370 habi-

630 2405 788 2458 tasse
819 2418 950 2457 cum
981 2398 1279 2458 sororibus
1311 2399 1407 2458 vel
1453 2399 1760 2472 matribus,
1806 2399 1996 2476 iisque
2043 2405 2247 2458 contra
2292 2401 2383 2458 fas
2430 2401 2687 2478 expulsis
2735 2418 2865 2458 cum

631 2485 875 2548 eoetemz's
906 2484 1164 2559 ancilli33
1197 2523 1277 2536 —
1311 2488 1384 2546 de
1417 2489 1766 2565 conjugibus
1796 2508 1935 2548 vero
1968 2488 2029 2546 in
2062 2488 2173 2548 hoc
2209 2490 2335 2548 1000
2378 2489 2461 2548 1111
2507 2489 2681 2550 inest.
2741 2489 2866 2547 Ita-

632 2597 746 2654 que
778 2577 890 2636 etsi
921 2577 1204 2636 confiteor
1233 2597 1358 2636 rem
1389 2578 1759 2654 argumentis
1789 2578 1933 2637 satis
1962 2577 2190 2637 idoneis
2220 2578 2330 2637 hoc
2362 2579 2489 2637 loco
2520 2579 2712 2637 adhuc
2744 2597 2866 2636 non

631 2687 802 2745 posse
849 2667 1184 2726 confirmari
1229 2668 1326 2742 (cf.
1375 2666 1556 2743 infra)
1602 2672 1802 2725 tamen
1860 2667 2148 2745 suspicari
2199 2667 2338 2726 licet
2384 2667 2543 2746 apud
2588 2667 2869 2726 Britones

633 2756 859 2815 clericis
888 2755 1003 2815 nisi
1032 2755 1094 2812 in
1124 2755 1506 2814 inferioribus
1535 2755 1821 2832 gradibus
1866 2776 1975 2834 per
2018 2757 2179 2833 leges
2225 2776 2341 2814 non
2388 2757 2621 2816 licuisse
2668 2757 2866 2816 vivere

633 2845 696 2902 in
741 2844 1144 2904 matrimoniis.
1235 2844 1457 2903 Illicita
1518 2851 1717 2903 autem
1772 2851 1834 2903 et
1876 2845 2189 2922 illegitima
2235 2845 2611 2904 matrimonia
2656 2846 2863 2904 nihilo·

634 2933 824 2992 minus
866 2953 1148 3011 persaepe
1191 2937 1498 2992 contracta
1543 2953 1669 2992 esse
1716 2934 2131 3011 suspicandum
2180 2939 2347 3007 esset,
2396 2934 2625 2994 etiamsi
2658 2933 2863 2993 Gildas

632 3022 718 3080 nil
763 3021 835 3080 de
878 3023 987 3080 hac
1045 3043 1110 3080 re
1157 3022 1394 3081 diceret.
1487 3020 1606 3081 Sed
1668 3020 1878 3081 Gildas
1937 3022 2176 3082 minime
2237 3022 2472 3082 silentio
2531 3023 2683 3082 hanc
2744 3041 2864 3081 rem

633 3111 957 3190 praeteriit
1050 3111 1240 3170 Immo
1299 3131 1440 3170 vero
1501 3112 1628 3190 ipse
1688 3111 1860 3170 testis
1920 3118 2040 3186 est,
2109 3111 2288 3172 fuisse
2344 3117 2487 3172 tunc
2532 3113 2868 3172 sacerdotes

634 3201 850 3302 quibus
891 3201 1090 3279 plures
1134 3221 1347 3260 uxores
1394 3207 1608 3261 essent.
1698 3200 1852 3260 Nam
1905 3199 2143 3272 „unius,
2211 3201 2407 3280 inquit
2461 3204 2578 3280 (ep.
2626 3203 2662 3280 ξ
2718 3201 2868 3277 108)

633 3289 835 3350 mxcvi-3
891 3289 1100 3350 ‘virum‘
1103 3287 1157 3350 ‘I
1217 3285 1425 3366 „Quid
1476 3289 1561 3351 ita
1605 3289 1773 3374 apud
1814 3309 1915 3350 vos
1958 3310 2181 3372 quoque
2224 3290 2633 3363 contemnitur,
2702 3288 2873 3371 quasi

633 3398 749 3438 non
793 3378 1110 3451 audiretur,
1155 3377 1244 3440 vel
1284 3379 1442 3440 idem
1485 3378 1675 3441 dicere
1718 3388 1771 3439 et
1816 3380 1914 3458 [an
1962 3377 2171 3439 diceret
2184 3374 2233 3458 P]
2280 3379 2471 3439 virum
2514 3387 2825 3440 uxoramss

811 3467 979 3541 Quae
1012 3489 1142 3527 cum
1180 3469 1268 3528 ita
1314 3471 1450 3542 sint,
1498 3470 1816 3528 Britonum
1864 3469 2167 3528 ecclesiam
2214 3469 2323 3528 hac
2369 3469 2625 3529 secunda
2671 3474 2871 3529 aetate

635 3579 670 3616 a
717 3557 1009 3615 communi
1070 3559 1346 3618 ecclesiae
1407 3559 1829 3618 consuetudine
1890 3557 2153 3617 moribus
2206 3559 2299 3618 vel
2357 3557 2492 3617 fide·
2529 3559 2871 3620 dissensisse

635 3647 824 3705 adhuc
871 3667 990 3705 non
1035 3647 1254 3721 habeO,
1317 3648 1529 3725 quibus
1577 3647 1969 3726 comprobem.
2060 3646 2370 3708 Ebrardus
2416 3648 2731 3707 Britonum
2779 3669 2868 3708 ec·

636 3735 869 3794 clesiam
932 3742 1268 3797 sanctorum
1329 3738 1520 3795 cultus
1583 3742 1885 3814 expertem
1930 3736 2112 3795 fuisse
2159 3736 2431 3796 affirmat.
2522 3735 2717 3814 Atqui
2763 3737 2868 3796 du·

634 3825 798 3883 bium
859 3831 952 3885 est
1007 3848 1083 3886 an
1131 3825 1370 3885 Gildam
1438 3825 1653 3904 legerit
1700 3827 1795 3903 (cf.
1828 3846 2006 3904 supra
2052 3847 2108 3904 p.
2142 3825 2200 3899 8,
2233 3827 2405 3904 not).
2498 3826 2651 3887 Nam
2699 3827 2871 3885 aliter

634 3935 758 3972 rem
819 3935 944 3975 sese
1002 3916 1220 3975 habere
1267 3914 1475 3976 Gildas
1536 3921 1626 3974 est
1685 3915 1857 3976 testis
1919 3917 2017 3992 (cf.
2062 3915 2200 3974 hist.
2264 3915 2297 3992 ἓ
2351 3914 2449 3987 28,
2497 3937 2554 3992 p.
2607 3915 2715 3974 37:
2764 3914 2871 3975 deo

626 4003 896 4087 primum
928 4001 1502 4086 jure(que)jurand0‚
1547 4012 1881 4065 sanctorum
1911 4004 2148 4064 demum
2178 4000 2381 4063 choris.
2416 4005 2487 4062 cf.
2520 4004 2654 4064 hist.
2689 4006 2723 4082 ἓ
2764 4005 2869 4081 10)

635 4114 827 4171 neque
858 4096 1170 4154 obscurum
1211 4099 1299 4153 est
1344 4094 1667 4172 permultas
1713 4095 1776 4152 in
1808 4094 2126 4153 Britannia
2171 4093 2351 4152 fuisse
2398 4101 2731 4153 sanctorum
2778 4113 2868 4152 ec-

637 4184 842 4244 clesias
888 4186 987 4262 (cf.
1033 4184 1112 4242 H.
1160 4183 1276 4242 and
1323 4182 1410 4244 St.
1458 4183 1509 4256 I,
1555 4203 1612 4260 Ρ.
1648 4185 1728 4242 37
1780 4204 1865 4261 sq.
1914 4191 1974 4242 et
2018 4183 2187 4241 Beda
2234 4183 2290 4242 h.
2339 4203 2385 4241 e.
2424 4185 2479 4255 1,
2528 4181 2627 4257 26,
2674 4185 2708 4261 ξ
2745 4181 2867 4260 56).

814 4274 1052 4350 Neque,
1097 4279 1166 4332 ut
1210 4271 1357 4331 illud
1403 4292 1637 4349 quoque
1683 4273 1942 4332 Ebrardi
1993 4271 2340 4350 figmentum
2388 4272 2606 4331 diluam
2626 4317 2639 4344 ,
2686 4272 2869 4330 ullum

638 4369 833 4422 exstat
888 4362 1318 4434 testimonium,
1385 4362 1541 4438 quod
1599 4363 1944 4440 comprobet
2005 4362 2333 4422 doctrinam
2390 4361 2463 4419 de
2518 4361 2870 4420 eucharistia
