3259 5084
1295 257 1729 320 .....15....

573 444 800 508 Eadem
845 445 1234 524 comprobant
1279 448 1506 502 statuta
1547 443 1654 500 illa
1698 442 2005 519 synodalia
2064 462 2243 522 supra
2289 461 2629 500 commemo·

399 546 561 611 rata,
627 557 776 614 quae
833 535 996 596 haud
1056 534 1176 593 scio
1237 554 1313 592 an
1372 531 1466 590 his
1527 531 1673 610 ipsis
1733 531 2097 610 temporibus
2144 531 2361 590 ascribi
2404 532 2634 608 possint

402 629 508 704 (H.
551 627 668 686 and
707 625 794 686 St.
840 625 891 699 I,
939 645 996 703 p.
1038 626 1159 682 117
1186 614 1364 699 'sqq.).
1391 621 1415 658 ²
1501 622 1656 682 Nam
1702 622 1831 680 luce
1878 620 2093 680 clarius
2140 629 2229 680 est
2273 620 2421 679 illud
2465 640 2635 691 „cum

401 714 636 776 wadiare
679 713 768 777 vel
809 735 944 774 cam
985 711 1110 773 viro
1143 731 1396 792 peccam
1441 708 1568 793 quis
1605 706 1928 790 eapelhztur
1941 753 1958 780 ,
2016 718 2081 769 ωε
2123 707 2361 770 alterius
2394 708 2635 788 patm'ae

406 806 505 884 [an
541 798 794 884 pam-12³2]
843 799 1110 864 coenubio
1152 799 1304 861 vivat
1348 844 1361 858 .
1393 844 1408 859 .
1441 845 1456 858 .
1503 802 1655 876 (syn.
1702 799 2055 876 aquilonalis
2100 799 2449 858 Britanniae
2498 819 2542 856 c.
2598 802 2623 855 1

400 894 480 952 H.
525 895 644 953 and
689 892 779 953 St.
839 916 898 972 p.
952 892 1104 969 117)
1161 892 1238 950 de
1295 889 1594 950 monachis
1654 910 1779 948 esse
1839 889 2077 948 dictum.
2168 889 2252 947 Et
2318 888 2460 964 quid
2518 888 2635 946 sibi

399 984 620 1043 vellent
665 1005 736 1042 ea
782 981 1042 1060 capitula
1060 1025 1074 1050 ,
1137 1001 1288 1056 quae
1333 999 1554 1057 poenas
1599 979 1891 1038 definiunt
1934 978 1997 1036 in
2044 997 2143 1036 eos
2161 1022 2174 1049 ,
2230 975 2331 1058 qui
2374 995 2433 1036 se
2476 975 2634 1055 ipsos

397 1068 826 1153 inquinaverint
869 1069 1081 1147 (ejusd.
1127 1091 1254 1147 syn.
1299 1068 1386 1142 H,
1431 1069 1510 1128 H.
1558 1068 1677 1126 and
1722 1067 1808 1128 St.
1855 1067 1907 1140 I,
1952 1089 2010 1145 p.
2064 1069 2230 1142 117),
2294 1064 2397 1146 qm‘
2430 1084 2633 1144 pecca—

399 1159 583 1222 vm‘m
625 1180 760 1220 cum
803 1178 943 1220 cane
989 1161 1136 1236 (syn.
1183 1158 1334 1217 Luci
1380 1158 1538 1217 Vict.
1585 1156 1732 1229 VII,
1779 1158 1817 1217 1.
1864 1178 1911 1215 c.
1959 1178 2016 1234 p.
2072 1156 2223 1231 118)
2277 1156 2373 1214 vel
2418 1162 2483 1214 ut
2528 1149 2633 1214 So-

400 1247 655 1309 domitae
684 1249 851 1325 (ibid.
877 1248 1067 1325 VIII)
1095 1249 1190 1308 vel
1235 1267 1369 1306 cum
1411 1243 1653 1306 muliere
1696 1241 2039 1325 disponsata
2070 1241 2303 1306 Clavi-sto
2333 1246 2636 1322 (excerpta

400 1359 474 1398 ex
518 1339 674 1397 libro
717 1337 970 1398 Davidis
995 1336 1020 1374 ²
1065 1337 1122 1396 V
1153 1338 1191 1397 l.
1239 1357 1288 1396 c.
1343 1358 1400 1414 p.
1454 1333 1594 1394 119.
1644 1337 1715 1394 cf.
1762 1335 2298 1406 Wasserschleben,
2344 1333 2634 1392 Bussord-

403 1448 664 1504 nungen,
725 1448 783 1506 p.
834 1429 916 1504 9),
977 1427 1091 1486 nisi
1137 1427 1349 1485 ducere
1393 1445 1639 1484 uxorem
1684 1431 1789 1483 aut
1832 1423 1961 1484 viro
2012 1424 2237 1482 nubere
2286 1423 2635 1500 quibusdam

401 1518 768 1594 denegatum·
801 1515 1055 1576 fuisset?
1101 1515 1378 1592 Denique
1423 1514 1610 1593 ipsius
1657 1513 1868 1591 synodi
1913 1513 2055 1572 Luc.
2100 1512 2257 1572 Vict.
2304 1532 2351 1571 c.
2398 1511 2499 1568 IX
2544 1511 2637 1569 his

401 1606 598 1667 verbis
645 1606 930 1684 scriptum
978 1611 1098 1665 est:
1178 1601 1388 1665 Totum
1431 1600 1565 1674 hoc,
1621 1602 1779 1685 quod
1824 1601 2109 1672 divimus,
2175 1600 2229 1661 si
2260 1609 2398 1683 post
2441 1609 2637 1660 votum

396 1693 762 1776 perfectionis
790 1692 1000 1777 fecerit
1043 1691 1231 1755 homo.
1323 1690 1398 1753 Si
1423 1700 1616 1752 autem
1648 1701 1779 1753 anto
1807 1700 2021 1762 votum,
2066 1710 2253 1750 annus
2282 1687 2637 1750 deminuitur

401 1783 474 1844 de
517 1782 781 1844 omnibus
793 1803 814 1855 ,·
859 1783 932 1844 de
975 1780 1206 1866 reliquis
1251 1801 1404 1853 vem,
1450 1790 1514 1841 ut
1551 1780 1730 1852 debet,
1773 1779 2072 1852 minuitur,
2121 1779 2265 1839 dum
2309 1799 2425 1839 non
2470 1776 2635 1837 vovit.

403 1873 508 1949 (Η.
556 1874 672 1934 and
719 1871 808 1932 St.
854 1873 942 1946 H,
987 1895 1046 1952 p.
1093 1873 1263 1950 118).
1353 1871 1516 1948 Ergo
1563 1871 1863 1930 monachis
1907 1870 1969 1928 in
2014 1869 2391 1929 matrimonio
2437 1867 2637 1927 vivere

405 1982 522 2020 non
567 1962 804 2034 licebat,
850 1963 1120 2038 quamvis
1165 1961 1472 2019 Ebrardus
1519 1961 1820 2020 contraria
1850 1959 2157 2018 adseveret
2188 1961 2270 2036 (p.
2306 1959 2431 2016 206
2466 1959 2635 2034 sqq.).

585 2047 1004 2110 Sacerdotibus
1060 2070 1199 2109 num
1251 2050 1512 2123 licuerit,
1582 2050 1685 2111 vix
1739 2049 2055 2125 dijudicari
2109 2054 2323 2127 potest.
2414 2047 2638 2124 Negari

411 2137 645 2214 quidem
701 2159 816 2197 non
870 2145 1069 2218 potest
1123 2139 1302 2198 fuisse
1359 2140 1630 2212 clericos,
1702 2139 1805 2216 qui
1860 2139 2019 2196 nulla
2072 2137 2317 2196 infamia
2372 2136 2638 2213 adspersi

407 2247 616 2286 uxores
661 2228 992 2302 duxissent,
1051 2249 1189 2288 nam
1236 2227 1476 2288 Gildam
1523 2228 1793 2287 audimus
1840 2228 2131 2286 dicentem
2178 2225 2309 2285 cuni
2370 2226 2637 2302 apostolo

406 2317 744 2395 episcopum
773 2325 1046 2396 oportere
1085 2339 1211 2378 esse
1256 2315 1430 2377 unius
1473 2316 1675 2378 mons
1718 2316 1930 2388 m‘rum,
1958 2313 2121 2400 filios
2164 2312 2463 2376 habentem
2506 2312 2635 2374 sub-

405 2404 554 2465 ditos
599 2425 736 2464 cum
778 2405 940 2468 omni
981 2406 1238 2468 castitate
1285 2408 1400 2486 (ep.
1431 2409 1467 2485 ξ
1504 2409 1647 2480 108,
1693 2428 1749 2484 p.
1790 2407 1943 2478 1143
1987 2407 2021 2484 ξ
2060 2407 2201 2476 109,
2246 2427 2305 2483 p.
2346 2404 2495 2481 115)
2536 2404 2638 2462 sed

403 2495 540 2554 licet
594 2495 899 2569 dubitare,
969 2518 1111 2556 num
1170 2497 1317 2557 haec
1372 2497 1744 2556 sacerdotum
1792 2495 2166 2554 matrimonia
2213 2516 2249 2553 a
2294 2493 2475 2552 Gilda
2521 2513 2638 2553 non

404 2583 748 2661 vituperata
793 2605 1002 2645 revera
1033 2585 1411 2645 matrimonia
1442 2585 1681 2644 fuerint.
1742 2583 1993 2643 Constat
2038 2584 2192 2642 enim
2238 2583 2445 2642 iisdem
2492 2589 2637 2642 tem-

403 2673 650 2752 poribus
713 2680 774 2731 et
830 2674 896 2732 in
943 2671 1145 2733 Gallia
1205 2679 1265 2732 et
1320 2673 1464 2732 alibi
1519 2693 1773 2732 canones
1826 2679 1888 2732 et
1940 2678 2165 2732 statuta
2212 2672 2517 2750 synodalia
2562 2673 2637 2729 ab

401 2762 478 2820 iis
525 2761 842 2839 episcopis,
889 2761 1282 2840 presbyteris,
1331 2763 1594 2822 diaconis
1610 2807 1624 2835 ,
1672 2761 1777 2838 qui
1822 2767 1963 2821 ante
2008 2761 2382 2821 diaconatum
2427 2781 2639 2820 uxores

403 2851 698 2910 duxerant
735 2885 809 2894 -—
847 2851 1006 2927 quod
1045 2850 1287 2930 plurimi
1334 2851 1651 2925 faciebant,
1696 2871 1833 2910 nam
1880 2859 2023 2910 tunc
2065 2852 2351 2928 temporis
2398 2851 2639 2912 clericos

403 2939 746 3017 saepissime
791 2960 902 3017 per
947 2941 1188 3018 longum
1233 2948 1468 3019 tempus
1513 2942 1573 3000 in
1620 2940 2001 3000 inferioribus
2046 2941 2330 3018 gradibus
2375 2945 2639 3000 versatos

406 3048 532 3088 esse
576 3029 779 3087 docuit
824 3029 1190 3106 Loeningius
1221 3030 1333 3106 (II,
1364 3051 1422 3108 p.
1459 3031 1611 3108 318)
1652 3064 1725 3074 -·
1761 3049 2134 3106 nequaquam
2180 3031 2524 3107 postulasse,
2570 3035 2641 3086 ut

408 3134 620 3175 uxores
664 3117 1058 3193 dimitterent,
1117 3119 1222 3178 sed
1267 3125 1524 3193 tantum,
1583 3140 1659 3177 ne
1704 3139 1880 3197 porro
1926 3139 2059 3176 cum
2105 3118 2387 3178 uxoribus
2434 3137 2637 3176 carna·

407 3205 548 3264 liter
591 3206 1021 3283 copularentur.
1095 3207 1255 3282 Quid
1301 3208 1353 3268 si
1397 3208 1554 3267 idem
1600 3209 1662 3267 in
1708 3208 2027 3266 Britannia
2074 3227 2360 3266 canonum
2407 3207 2501 3265 vel
2546 3227 2637 3282 sy-

404 3293 690 3353 nodorum
737 3295 965 3372 legibus
1012 3298 1108 3356 vel
1151 3317 1262 3356 usu
1309 3297 1599 3356 sancitum
1656 3296 1879 3355 fuerit?
1941 3295 2245 3355 Sancitum
2295 3316 2412 3354 non
2458 3295 2637 3354 fuisse

403 3384 564 3441 nullo
610 3383 784 3442 modo
831 3386 1204 3463 comprobari
1249 3391 1462 3464 potest.
1555 3386 1650 3444 Ex
1683 3386 1981 3444 contrario
2012 3385 2501 3444 verisimillimum
2550 3391 2639 3444 est

402 3472 719 3532 Britonum
763 3494 957 3534 mores
1003 3475 1150 3534 alios
1196 3485 1314 3534 non
1359 3476 1538 3534 fuisse
1570 3495 1747 3552 quam
1781 3473 2105 3536 Gallorum.
2195 3475 2473 3534 Profecto
2521 3495 2638 3532 non

401 3583 550 3640 opus
597 3567 730 3622 erat
773 3568 999 3623 statuto
1047 3563 1246 3624 Siricii
1289 3585 1482 3644 papae
1537 3565 1599 3623 in
1646 3565 2027 3624 Britanniam
2072 3573 2312 3645 recepto
2361 3564 2638 3640 (Ebrard,

584 3739 606 3770 ¹
644 3737 902 3803 Exstant,
944 3737 1335 3808 antiquissima
1369 3738 1464 3807 (cf.
1507 3737 1641 3804 Syn.
1680 3737 1820 3792 Luc.
1865 3737 2015 3790 Vict.
2054 3737 2159 3802 IV,
2202 3737 2277 3790 H.
2319 3738 2430 3791 and
2467 3737 2548 3792 St.
2587 3734 2637 3790 I.

402 3826 456 3876 p.
486 3808 614 3862 118:
655 3808 750 3876 qui
775 3808 1038 3877 praebent
1072 3809 1331 3864 ducatum
1367 3809 1614 3865 barbaris
1652 3813 1755 3862 etc.
1800 3809 1899 3862 sed
1938 3809 2005 3864 cf.
2036 3809 2170 3864 Can.
2213 3809 2348 3864 Hib.
2395 3808 2552 3876 LIX,
2590 3809 2639 3863 2.

405 3879 899 3934 Wasserschleben
945 3879 1026 3935 Ir.
1069 3880 1204 3934 Can.
1254 3898 1308 3948 p.
1349 3879 1470 3936 255.
1509 3897 1654 3934 saec.
1696 3878 1901 3948 VIII.)
1942 3880 2206 3934 videntur
2244 3897 2390 3946 esse,
2450 3881 2640 3948 itaque

404 3949 639 4004 forsitan
676 3953 1017 4006 cohaereant
1053 3969 1181 4006 cum
1219 3952 1445 4018 synodis
1482 3951 1610 4016 illis,
1654 3969 1788 4019 quas
1832 3951 2056 4004 saeculo
2082 3955 2243 4005 sexto
2268 3951 2491 4005 habitas
2522 3966 2640 4003 esse

405 4025 462 4076 et
497 4023 726 4076 annales
753 4055 822 4064 —
853 4024 1078 4092 (saltem
1117 4023 1188 4077 de
1225 4041 1336 4076 una
1374 4023 1681 4091 loquuntur
1707 4022 1781 4076 Η.
1808 4023 1922 4077 and
1949 4021 2031 4076 St.
2062 4021 2111 4089 I,
2152 4041 2206 4092 p.
2237 4022 2365 4089 116)
2406 4027 2465 4075 et
2490 4022 2640 4074 vitae

405 4093 743 4148 Sanctorum
768 4095 1024 4149 referunt
1051 4094 1151 4164 (H.
1181 4095 1293 4148 and
1321 4093 1404 4148 St.
1433 4094 1470 4146 1.
1500 4095 1593 4163 0.).
1648 4093 1764 4147 Sed
1803 4111 1906 4162 pro
1947 4098 2104 4148 certo
2142 4094 2284 4148 nihil
2325 4094 2395 4146 de
2433 4093 2539 4145 hac
2578 4109 2639 4144 re

399 4165 626 4220 videtur
665 4165 806 4218 mihi
843 4183 1006 4234 posse
1046 4165 1333 4219 affirmari.
1411 4163 1499 4217 De
1538 4165 1765 4231 synodis
1795 4164 2029 4220 Davidis
2070 4164 2450 4220 Meneviensis
2480 4181 2512 4216 a
2542 4163 2638 4217 Gi-

399 4237 561 4291 raldo
601 4235 1137 4360 Cambresssifisaec.
1179 4235 1364 4362 {1101
1389 4235 1837 4289 commemoratis
1878 4234 2427 4306 (Wasserschleben,
2469 4235 2638 4289 Buss-

397 4309 556 4362 ordn.
597 4326 652 4376 p.
692 4309 750 4375 8)
791 4307 846 4360 vi
893 4346 904 4359 .
1008 4346 1019 4360 .
1061 4307 1172 4360 and
1253 4312 1291 4364 t.
1369 4347 1380 4368 ‚
1421 4325 1476 4376 p.
1517 4307 1637 4360 116.
1976 4359 1979 4362 ,

579 4380 602 4411 ²
641 4377 748 4432 His
788 4378 1028 4446 amplius
1065 4394 1179 4430 non
1217 4382 1360 4444 utar,
1401 4395 1530 4432 nam
1568 4377 1874 4432 incertiora
1912 4377 2051 4430 mihi
2087 4377 2355 4432 videntur
2393 4395 2530 4433 esse.
