3259 5084
1298 244 1776 300 -119—

396 420 721 479 »Bonifatio
763 440 879 479 non
914 422 1117 480 obesse
1149 420 1267 479 'non
1299 427 1593 497 poterant,
1637 420 1755 497 nisi
1785 422 1986 481 odium
2003 420 2164 481 illud
2194 422 2416 500 gentile
2447 422 2650 481 eodem

417 509 590 568 modo
650 509 992 586 abjecerant
1052 514 1263 587 atque.
1292 510 1361 583 ii,
1426 511 1530 587 qui
1588 509 1652 570 in
1712 511 1976 589 ipsorum
2033 510 2375 589 vAnglorum
2424 508 2650 571 ,finibus

402 599 770 659 ‘habitabant
801 600 898 674 (ef.
928 618 1109 681 supra
1139 622 1199 678 p.
1226 600 1353 675 28).
1422 598 1575 658 Eam
1607 601 1682 658 ob
1715 620 1951 668 causam
1983 599 2161 662 etiam
2191 598 2254 663 in
2283 600 2650 674 Britonibus,

416 690 619 766 quales
664 688 887 765 singuli
932 694 1145 762 essent,
1192 688 1597 765 quaerendum
1645 696 1788 751 erat.
2407 748 2410 755 ,
2615 754 2620 757 ,

423 783 432 789 ”
589 777 805 858 Itaque
839 779 989 851 cum,
1034 786 1218 856 prout
1243 777 1461 855 singuli
1494 776 1680 851 erant,
1722 778 2007 854 Britones
2036 778 2350 855 Bonifatio
2372 778 2650 858 prodesse

404 866 579 926 Scoti
610 868 813 926 obesse
844 866 1165 945 potuerint,
1215 866 1288 925 de
1317 866 1672 925 Britonibus
1703 873 1764 927 et
1795 866 2006 941 ScotiS,
2037 868 2097 925 in
2133 888 2280 947 quos
2311 866 2650 943 Bonifatius

416 956 644 1029 incidit„
687 957 751 1015 in
779 956 1121 1017 universum
1140 954 1270 1016 ,dici
1300 976 1418 1014 non
1448 961 1667 1035 potest,
1714 957 1834 1028 sed,
1877 960 2044 1035 cujus
2072 956 2328 1018 interest
2358 977 2431 1015 ex
2461 976 2649 1035 aequo

404 1045 676 1121 judicare
720 1046 794 1103 de
840 1044 1168 1117 Bonifatio,
1212 1044 1283 1117 ei,
1332 1050 1620 1122 quantum
1666 1044 1796 1105 fieri
1835 1051 2050 1125 potest,
2097 1045 2504 1105 disserendum
2521 1046 2650 1107 erit

408 1134 483 1191 de
527 1132 830 1211 singulis}
1709 1134 1714 1139 ’

414 1293 752 1355 recusasset,
804 1304 909 1357 pro
948 1289 1183 1355 Britone
1222 1288 1320 1359 (cf.
1365 1303 1533 1357 supra
1568 1306 1625 1358 p.
1659 1290 1760 1359 27)
1799 1308 1858 1343 se
1887 1291 2136 1361 ⁸gessisse
2173 1276 2482 1360 putabatur
2519 1290 2646 1359 (vit.

413 1360 578 1417 Corb.
607 1364 837 1485 auqtore
862 1358 1117 1487 A9ribone
1143 1362 1361 1425 inedita
1386 1362 1458 1418 ef.
1486 1360 1733 1429 Riezler,
1763 1360 2103 1416 Gesehiehte
2125 1362 2362 1417 Baierns
2386 1360 2434 1429 I,
2461 1378 2517 1431 p.
2545 1362 2644 1416 101

410 1436 526 1486 not.
568 1434 617 1497 1,
656 1450 727 1487 e.
768 1449 822 1500 p.
864 1434 895 1487 9
969 1436 1083 1486 not.
1126 1435 1156 1487 1
1189 1474 1201 1487 .
1778 1490 1784 1495 ,
2487 1462 2494 1469 ·

397 1524 405 1532 ·
558 1504 581 1537 ²
620 1503 919 1573 Optaverit
956 1434 1194 1559 fortasse
1233 1506 1514 1576 quispiam
1551 1508 1650 1569 ut‚·
1673 1518 1799 1567 cum
1837 1507 2059 1558 constet
2095 1504 2314 1573 saepius
2353 1520 2644 1573 apparere,

416 1576 565 1644 unde
602 1576 716 1629 sint
750 1576 1025 1629 ecelesiae
1064 1577 1355 1646 cujusdam
1392 1575 1731 1645 primordia,
1771 1591 1840 1628 ex
1875 1590 2069 1628 sacrae
2107 1576 2419 1643 scripturae
2459 1576 2647 1629 verbis

397 1647 473 1700 *in
507 1646 775 1701 Latinum
810 1648 1127 1713 translatis,
1170 1649 1446 1703 rationem
1482 1645 1778 1702 habuerim
1815 1662 2011 1700 sacrae
2046 1646 2360 1715 scripturae
2395 1646 2649 1700 locorum
2681 1652 2690 1657 '

412 1736 447 1771 a
469 1718 765 1773 Britonum
788 1724 862 1773 fet
889 1719 1188 1774 Scotorum
1225 1720 1600 1788 scriptoribus
1624 1718 1686 1771 in
1710 1718 1871 1771 libris
1899 1718 2010 1771 suis
2037 1719 2550 1786 transscriptorum‚
2579 1728 2648 1756 —-·-

396 1790 513 1843 sed
552 1790 621 1843 de
656 1790 939 1844 industria
976 1792 1047 1845 de
1083 1791 1191 1845 hac
1228 1806 1291 1844 re
1329 1790 1521 1845 dicere
1558 1788 1738 1853 omisi,
1781 1789 1914 1857 quia
1950 1806 2150 1859 parum
2185 1790 2332 1843 lucri
2367 1806 2401 1841 a
2443 1792 2651 1858 portat.

413 1860 560 1917 Nam
609 1878 823 1915 summa
870 1878 997 1916 cum
1044 1861 1343 1929 diligentia
1380 1860 1694 1915 Haddanus
1733 1859 1839 1927 (Η.
1879 1857 1990 1913 and
2029 1858 2112 1913 St.
2149 1858 2197 1926 I,
2245 1878 2299 1929 p.
2341 1860 2412 1914 17·
2520 1859 2648 1927 198)

412 1948 602 1984 omnes
640 1931 955 1999 scripturae
992 1948 1185 1985 sacrae
1220 1934 1390 1998 locos,
1432 1932 1529 2001 qui
1564 1934 1627 1993 in
1665 1931 1908 2000 antiquis
1943 1931 2314 2000 scriptoribus
2341 1936 2402 1985 et
2425 1931 2485 1984 in
2509 1948 2648 1984 non-

408 2002 581 2055 nullis
630 2002 921 2055 codicibus
960 2002 1259 2057 Britonum
1310 2008 1369 2056 et
1406 2002 1706 2065 Scotorum
1754 2002 2145 2067 inveniuntur,
2196 2002 2548 2072 comparavit
2591 2006 2650 2055 et

396 2071 813 2143 ‘cum-Vulgata
852 2077 909 2127 et
946 2090 1074 2127 cum
1112 2076 1281 2129 variis
1306 2074 1490 2129 Italae
1528 2074 1821 2143 exemplis,
1860 2088 2044 2143 neque
2080 2074 2214 2139 inde
2250 2074 2496 2128 fructum
2519 2088 2644 2142 per-

411 2142 579 2269 cgpgt,
616 2144 727 2269 ¹ntisi
766 2146 917 2213 quod
955 2145 1262 2286 18915011ὶέηὲ
1288 2144 1974 2286 1ilersuasit1f÷13sse{ta}3e
2001 2147 2321 2230 exemplum
2345 2145 2648 2201 Britonum

410 2229 441 2266 e
548 2231 616 2269 co
676 2231 804 2269 rum
840 2232 1133 2285 proprium
1200 2236 1270 2271 c.
1336 2235 1436 2271 «c.
1478 2234 1532 2285 p.
1717 2234 1834 2271 nc.
1939 2257 1951 2270 .
2001 2274 2008 2282 ,
2439 2242 2446 2250 ·

546 2286 681 2341 Alio
704 2290 896 2341 autem
922 2289 998 2342 ad
1020 2292 1331 2352 extremum
1354 2289 1718 2361 ‚degredienti
1741 2290 1917 2345 liceat
1942 2286 2082 2344 mihi
2103 2289 2361 2343 conferre
2381 2288 2646 2356 antiquae

394 2354 708 2412 *Scotorum-
747 2359 1018 2415 ecclesiae
1056 2358 1351 2415 historiam
1390 2366 1449 2415 et
1488 2362 1676 2415 varias
1715 2362 1786 2415 de
1825 2378 1892 2415 ea
1927 2361 2178 2414 virorum
2203 2361 2499 2416 doctorum
2524 2374 2646 2411 sen-

405 2428 613 2483 tentias
662 2447 789 2484 eum
842 2428 1081 2497 historia
1116 2433 1375 2499 picturae
1411 2434 1654 2490 minoris·
1683 2432 2031 2487 Hibernicae
2070 2434 2129 2484 et
2165 2448 2292 2485 cum
2319 2428 2645 2495 sententiis,

413 2516 551 2566 quas
589 2502 661 2554 de
697 2501 798 2553 illa
835 2501 947 2555 viri
984 2503 1141 2555 docti
1176 2503 1446 2557 tulerunt.
2199 2560 2204 2567 ,
2467 2528 2472 2535 ·
2523 2534 2528 2539 ·
2613 2534 2621 2539 -

550 2571 786 2635 Constat
842 2574 992 2625 enim
1044 2574 1197 2626 inter
1244 2591 1435 2635 omnes
1486 2573 1584 2643 (cf.
1639 2574 1867 2639 Liibke,
1925 2571 2228 2627 Grundriss
2278 2573 2384 2637 der,
2431 2570 2647 2626 Kunst·

394 2642 737 2709 ··geschichte
762 2642 809 2706 I,
839 2660 895 2710 p.
920 2642 1048 2711 277)
1077 2647 1297 2698 veteres
1324 2644 1547 2699 codices
1566 2644 1906 2699 Hibernicos
1933 2649 2236 2698 exornatos
2263 2660 2384 2699 esse
2409 2643 2646 2711 picturis

406 2713 719 2779 minoribus
759 2714 1149 2779 dissimillimis
1187 2715 1272 2780 iis,
1313 2732 1457 2785 quae
1496 2715 1635 2769 alibi
1670 2716 2051 2778 inveniuntur.
2128 2713 2276 2769 Nam
2311 2732 2428 2771 non
2465 2714 2648 2768 solum

398 2782 633 2838 litterae
670 2784 930 2855 grandes,
973 2785 1307 2853 „Initiales“
1344 2791 1409 2840 ut
1442 2788 1619 2857 ajunt,
1662 2792 1720 2841 et
1745 2788 1904 2841 varia
1928 2788 2028 2841 illa
2053 2792 2402 2851 ornamenta,
2443 2786 2646 2855 quibus

407 2854 629 2910 librarii
656 2862 715 2910 et
740 2858 868 2911 illas
896 2856 1077 2911 veluti
1100 2854 1271 2911 sertis
1294 2858 1670 2913 redimierunt
1689 2864 1748 2913 et
1767 2860 1990 2930 singula
2009 2858 2148 2913 folia
2166 2857 2643 2929 marginaverunt,

397 2927 618 2995 'scripta
659 2928 849 2998 potius
874 2946 1042 2997 quam
1066 2929 1222 2997 pieta
1245 2944 1367 2991 esse
1390 2930 1673 2996 videntur,
1715 2932 1816 2985 sed
1839 2930 2011 3003 ipsae,
2051 2948 2194 2999 quae
2217 2930 2465 2985 insertae
2491 2932 2643 2993 sunt,

398 3000 696 3053 hominum
744 3000 838 3065 vel
884 3000 1194 3055 bestiarum
1230 3002 1531 3071 imagines,
1572 3003 1692 3057 sine
1727 3003 1847 3064 ulla
1883 3003 2190 3073 graphidos
2229 3000 2466 3056 scientia
2503 2999 2643 3053 deli-

406 3074 625 3135 neatae,
666 3071 807 3125 adeo
847 3070 1255 3141 calligraphiae
1294 3074 1481 3141 potius
1522 3092 1690 3142 quam
1727 3075 1986 3143 picturae
2023 3072 2308 3142 specimen
2345 3071 2640 3139 praebent,

398 3144 472 3193 ut
494 3142 667 3195 solius
694 3144 1055 3209 symmetriae
1080 3144 1294 3211 reg-ulis
1320 3145 1561 3199 vestium
1588 3146 1903 3214 plicaturae
1931 3145 2287 3209 conveniant,
2317 3142 2454 3211 quin
2471 3142 2645 3195 etiam

398 3215 471 3265 2ut
516 3217 703 3266 vestes
754 3229 1175 3281 nonnumquam
1221 3232 1536 3283 pannorum
1571 3216 1742 3270 modo
1781 3233 2020 3284 corpora
2055 3212 2384 3279 redimiuit,
2439 3217 2508 3267 et·
2533 3212 2642 3274 sin-

402 3280 526 3353 guli
572 3284 665 3337 vel
717 3285 921 3353 capitis
968 3286 1059 3338 vel
1105 3285 1316 3340 barbae
1364 3287 1470 3356 pili
1516 3292 1724 3341 exeant
1759 3287 1818 3344 in
1855 3286 2000 3341 varii
2036 3286 2262 3357 generis
2299 3284 2641 3348 curvamina,

400 3354 734 3409 ·eonvolvuli
770 3356 1051 3425 pampinis
1090 3357 1376 3412 simillima
1414 3359 1553 3429 (vid.
1580 3358 1677 3427 fig.
1702 3358 1811 3416 ‚254
1848 3358 1998 3427 apud
2024 3358 2228 3413 Liibke
2261 3358 2299 3410 1.
2329 3374 2376 3411 c.
2405 3370 2462 3425 p.
2491 3354 2640 3423 278).

544 3424 715 3479 Unde
760 3427 902 3481 haec
950 3427 1229 3481 mirabilis
1278 3430 1555 3499 Pingendi
1593 3432 1685 3484 vel
1732 3430 1924 3499 potius
1961 3429 2248 3484 scribendi
2287 3428 2411 3483 ars?
2487 3425 2640 3481 Non·

398 3496 569 3562 nulli,
606 3502 669 3551 ut
707 3496 1036 3553 Muenterus
1076 3500 1271 3554 etalii
1308 3502 1595 3567 ecclesiae,
1635 3500 1719 3555 ita
1757 3502 1929 3555 etiam
1966 3502 2110 3555 artis
2145 3498 2492 3554 Hibernicae
2530 3499 2640 3551 ori·

410 3567 599 3635 ginem
636 3569 706 3623 ab
735 3570 951 3623 oriente
978 3575 1069 3641 (ac
1097 3571 1324 3640 quidem
1350 3588 1421 3626 ex
1444 3572 1742 3644 Aegypto)
1768 3573 2133 3642 repetendam
2158 3588 2280 3625 esse
2305 3571 2644 3625 censuerunt

407 3642 606 3707 (unum
642 3657 711 3693 ex
748 3641 942 3695 multis
965 3642 1192 3697 nomino
1219 3644 1531 3709 Kellerum‚
1572 3643 1764 3701 Bilder
1787 3644 1902 3699 und
1922 3642 2266 3713 Schriftzv'iye
2289 3643 2384 3697 der
2406 3638 2643 3695 iri-acken

407 3709 787 3780 Manuscripte
823 3712 883 3765 in
908 3713 1329 3785 Mittheilunyen
1364 3716 1460 3771 der
1484 3715 1928 3785 antiquari-acken
1953 3713 2308 3782 Gesellschaft
2328 3712 2392 3767 in
2417 3709 2639 3767 Ζῶν-1011.

408 3783 458 3835 7.
499 3782 681 3837 Band.
740 3786 904 3840 1853.
953 3802 1009 3853 p.
1049 3786 1116 3839 61
1156 3803 1296 3855 sqq„
1337 3804 1392 3855 p.
1432 3787 1544 3856 74),
1586 3788 1702 3853 alii,
1743 3792 1807 3841 ut
1841 3787 2133 3842 Ebrardus
2171 3786 2467 3841 ecclesiam
2506 3782 2640 3837 Sco·

405 3857 593 3905 torum
638 3856 860 3908 tantum
908 3856 992 3909 sui
1043 3856 1283 3909 similem
1330 3857 1505 3912 fuisse
1544 3859 1808 3927 opinatus
1847 3862 1957 3923 est,
2007 3859 2088 3913 ita
2126 3857 2328 3913 Scotos
2365 3854 2640 3923 exemplis

404 3923 506 4048 ad¹⁵
522 3923 857 4049 inssitandum
903 3943 1018 3981 non
1064 3928 1372 3997 propositis
1420 3930 1766 3997 peculiarem
1801 3947 1960 3985 suam
2007 3934 2188 3985 artem
2235 3928 2343 3983 sibi
2378 3926 2639 3999 genuisse

400 4011 479 4061 pu
508 4012 577 4047 an
610 4036 621 4049 .

548 4065 711 4135 Quod
737 4072 1053 4137 utrumque,
1095 4069 1143 4123 si
1170 4086 1367 4123 verum
1394 4076 1557 4137 esset,
1598 4091 1726 4126 eum
1751 4073 1836 4138 iis,
1878 4091 2021 4143 quae
2047 4092 2111 4129 su
2153 4090 2215 4126 ra
2241 4073 2312 4128 de
2337 4070 2637 4127 Scotorum

407 4136 644 4192 ecclesia
681 4139 947 4206 diximus,
988 4141 1136 4195 male
1176 4150 1529 4211 congrueret.
1604 4142 1692 4198 Eo
1730 4146 1944 4214 majore
1980 4163 2092 4215 gau
2136 4144 2187 4198 ‘o
2226 4145 2458 4199 affectus
2496 4162 2634 4208 sum,

404 4225 530 4262 cum
578 4211 941 4279 cognoverim
978 4212 1290 4267 Antonium
1328 4212 1724 4283 Springerum,
1773 4216 1958 4271 virum
2004 4233 2130 4270 mea
2175 4217 2341 4271 laude
2381 4215 2637 4269 doctrina

403 4298 502 4333 sua
545 4283 843 4351 majorem,
894 4284 953 4336 in
1002 4284 1114 4337 alia
1164 4285 1235 4338 de
1274 4283 1573 4339 Scotorum
1620 4290 1746 4340 arte
1791 4287 2068 4341 sententia
2106 4304 2254 4353 esse,
2305 4305 2370 4342 ac
2409 4285 2637 4356 quidem

405 4353 523 4417 tali,
554 4370 695 4421 quae
723 4371 851 4407 cum
873 4358 1069 4409 nostra
1093 4354 1164 4408 de
1187 4354 1487 4409 Scotorum
1514 4357 1756 4412 eeclesia
1781 4358 2065 4413 sententia
2081 4359 2320 4413 maxime
2345 4358 2634 4429 congruat.
