3259 5084
1309 264 1742 320 —11—

581 446 747 520 Quae
793 465 923 504 cum
968 445 1058 503 ita
1103 444 1253 515 sint,
1325 443 1495 502 nobis
1555 462 1673 500 non
1719 462 1868 520 opus
1914 449 2005 501 est
2048 441 2229 514 scire,
2298 462 2333 499 a
2381 461 2635 518 quonam

401 535 697 612 evangelii
741 533 1011 594 doctrina
1057 533 1120 592 in
1166 532 1544 592 Britanniam
1591 531 1777 591 allata
1822 531 1916 592 sit.
2006 532 2101 589 De
2163 551 2281 608 qua
2340 551 2404 589 re
2420 575 2435 604 ,
2505 550 2635 589 cum

401 626 561 683 nullo
609 624 779 682 modo
825 623 1003 682 fidem
1050 622 1430 681 christianam
1476 627 1639 681 recta
1670 620 1769 680 via
1808 641 1882 678 ex
1912 621 2136 679 oriente
2165 620 2229 678 in
2259 619 2637 680 Britanniam

401 715 639 772 allatam
695 733 818 772 esse
875 732 1076 771 omnes
1131 709 1532 783 consentiant,
1601 710 1663 767 in
1729 710 1875 768 duas
1940 709 2267 786 sententias·
2326 708 2637 768 discedunt

399 803 514 862 viri
573 802 748 862 docti.
855 801 983 860 Alii
1045 800 1252 860 Gallos
1311 799 1629 859 Britonum
1692 799 1992 875 apostolos
2062 798 2242 858 fuisse
2318 799 2634 870 affirmant,

401 912 647 970 quorum
695 892 912 951 ritibus
961 890 1387 961 ecclesiasticis,
1435 889 1730 965 liturgiae,
1776 887 2129 947 lectionibus
2161 887 2357 960 sacris,
2402 888 2635 964 hymnis

399 981 688 1041 secundae
735 980 950 1040 aetatis
997 980 1274 1039 ecclesiae
1319 977 1704 1038 Britannicae
1748 977 1916 1050 ritus,
1962 976 2293 1053 liturgiam,
2338 977 2635 1050 lectiones,

401 1071 650 1146 hymnos
711 1069 926 1129 similia
983 1067 1164 1128 fuisse
1222 1070 1354 1127 luce
1414 1068 1628 1126 clarius
1684 1074 1777 1127 est
1831 1066 1973 1143 (vid.
2020 1067 2291 1140 Warren,
2337 1087 2395 1144 p.
2446 1068 2519 1124 61
2578 1073 2638 1126 et

403 1161 562 1218 locos
607 1159 695 1218 ibi
739 1160 1262 1234 commemoratos),
1324 1157 1425 1216 alii
1479 1157 1640 1234 iique
1694 1157 1949 1215 minores
2006 1175 2249 1214 numero
2295 1155 2637 1214 auctoribus

405 1249 692 1308 Romanis
736 1247 1016 1306 Britones
1064 1247 1140 1306 ad
1185 1246 1567 1306 christianum
1627 1245 1805 1304 fidem
1865 1245 2169 1304 transiisse
2225 1244 2338 1303 sibi
2398 1264 2635 1323 persua·

405 1344 610 1397 serunt
665 1336 916 1414 (Sohffll,
974 1359 1031 1415 p.
1079 1338 1180 1396 48.
1226 1335 1529 1413 Haddan),
1591 1335 1697 1394 alii
1752 1335 1815 1392 in
1868 1333 2059 1393 medio
2115 1355 2241 1392 rem
2294 1333 2640 1411 relinquunt

405 1428 652 1504 (Bright
690 1448 746 1504 p.
787 1429 864 1502 1).
955 1427 1131 1485 Hanc
1178 1425 1639 1485 controversiam
1684 1424 2003 1503 disceptari
2048 1431 2251 1482 nost-ra
2293 1443 2503 1501 parum
2547 1423 2634 1480 in-

404 1524 616 1589 terest,
677 1515 992 1574 dummodo
1051 1515 1353 1574 ecclesiam
1398 1513 1715 1573 Britonum
1762 1513 2149 1572 orthodoxam
2209 1513 2389 1572 fuisse
2436 1533 2634 1571 conce-

405 1605 596 1664 datur.
688 1605 812 1664 Nec
858 1610 1057 1664 tamen
1105 1604 1394 1664 silendum
1441 1623 1566 1662 esse
1613 1603 1827 1681 putavi
1872 1604 2141 1679 proximo
2197 1622 2350 1660 anno
2400 1602 2636 1660 Warre-

405 1695 596 1767 nium,
660 1694 853 1754 virum
899 1694 1330 1765 doctissimum,
1394 1693 1676 1770 perplura
1729 1685 1997 1752 attulisse
2042 1696 2422 1767 argumenta,
2486 1711 2636 1768 quae

404 1784 875 1862 comprobarent,
921 1783 1096 1842 fidem
1129 1782 1508 1841 christianam
1541 1803 1614 1840 ex
1644 1780 1846 1840 Gallia
1876 1801 1943 1839 ac
1989 1781 2225 1857 quidem
2272 1801 2346 1838 ex
2391 1780 2636 1840 urbibus

403 1873 698 1950 Lugduno
744 1879 804 1932 et
850 1872 1087 1932 Vienna
1131 1871 1500 1950 temporibus
1545 1870 1782 1929 Irenaei
1836 1871 1898 1928 in
1944 1868 2319 1929 Britanniam
2364 1869 2634 1928 transmi-

408 1982 608 2038 grasse
651 1962 932 2035 (Warren
977 1983 1033 2040 p.
1067 1961 1377 2037 46—58).
1469 1960 1635 2034 Quae
1681 1959 1975 2018 sententia
2020 1979 2151 2017 cum
2198 1979 2270 2017 ex
2314 1959 2529 2018 ritibus
2574 1959 2634 2018 in

409 2049 723 2108 Britannia
765 2049 1002 2109 usitatis
1045 2071 1236 2128 neque
1283 2069 1504 2122 eorum,
1553 2049 1655 2126 qui
1702 2069 1832 2108 cum
1878 2048 2267 2107 orientalibus
2307 2055 2639 2125 congruunt

419 2171 492 2183 -—
545 2144 780 2198 exstant
833 2139 988 2198 enim
1043 2142 1194 2200 tales
1252 2139 1530 2215 (Warren
1587 2160 1646 2217 p.
1697 2139 1805 2215 55)
1862 2171 1935 2180 ——
1996 2157 2187 2214 neque
2244 2157 2472 2210 eorum,
2536 2138 2639 2214 qui

409 2227 628 2288 similes
674 2235 812 2288 sunt
843 2227 1172 2289 Gallicanis
1216 2229 1525 2288 obscuram
1571 2227 1871 2304 relinquat
1916 2227 2222 2303 originem,
2270 2226 2449 2303 digna
2494 2227 2639 2286 mihi

408 2317 658 2391 videtur,
706 2337 881 2394 quam
926 2319 1262 2378 assensione
1308 2318 1779 2395 comprobemus,
1828 2316 2126 2393 quamvis,
2176 2335 2325 2393 quae
2373 2315 2446 2374 de
2489 2321 2636 2375 tem-

406 2427 549 2486 pore
566 2451 579 2478 ,
630 2427 746 2485 quo
789 2408 950 2465 facta
997 2414 1150 2467 esset
1195 2405 1300 2466 illa
1344 2407 1793 2484 transmigratio
1810 2451 1823 2478 ,
1872 2406 2221 2466 Warrenius
2268 2405 2505 2479 attulit,
2551 2405 2637 2463 in-

406 2496 660 2555 certiora
705 2517 832 2556 esse
881 2497 1087 2574 negari
1133 2517 1250 2556 non
1280 2496 1484 2575 possit.
1575 2497 1729 2556 Nam
1760 2495 1903 2571 quid
1935 2495 2235 2569 incertius,
2282 2515 2457 2570 quam
2490 2514 2639 2571 quae

405 2586 754 2663 apologetae
785 2586 1098 2663 proferunt
1127 2586 1200 2644 de
1231 2585 1474 2646 ecclesia
1522 2585 1953 2645 succrescente!
1999 2582 2117 2644 Sed
2165 2584 2308 2661 quid
2354 2583 2429 2642 ad
2476 2583 2639 2642 rem?

405 2675 492 2734 Ut
537 2675 660 2733 sint
704 2673 1078 2747 incertiores,
1127 2693 1274 2752 quos
1319 2674 1619 2747 subduxit,
1668 2673 1910 2746 calculi,
1957 2673 2175 2732 certior
2222 2679 2312 2732 est
2356 2673 2482 2751 ipsa
2529 2694 2638 2745 res,

405 2763 660 2822 certiora
720 2763 822 2822 illa
884 2768 1235 2840 argumenta
1249 2809 1262 2836 ,
1325 2783 1476 2840 quae
1533 2763 1757 2823 rituum
1818 2769 2032 2822 natura
2089 2763 2375 2822 nituntur.
2483 2763 2641 2837 Quin

406 2852 583 2912 etiam
630 2852 777 2912 duas
823 2852 970 2912 alias
1015 2873 1110 2912 res
1157 2873 1617 2926 commemorem,
1666 2873 1818 2930 quae
1835 2852 2151 2911 Warrenio
2194 2853 2355 2911 haud
2399 2852 2518 2911 scio
2564 2872 2640 2910 an

405 2945 688 3018 majorem
733 2941 908 3001 fidem
955 2941 1221 3002 afferant.

584 3031 844 3105 Quarum
894 3031 1060 3110 prior
1105 3039 1212 3106 est,
1261 3031 1418 3110 quod
1464 3032 1811 3110 symbolum,
1862 3051 1979 3108 quo
2010 3029 2291 3090 Britones
2322 3031 2384 3088 in
2413 3032 2637 3110 baptis-

407 3120 582 3179 matis
641 3120 965 3180 ministerio
1027 3121 1268 3180 ineunte
1328 3121 1558 3182 saeculo
1621 3121 1829 3198 quinto
1888 3120 1983 3178 usi
2044 3141 2169 3179 esse
2213 3119 2507 3192 videntur,
2553 3155 2640 3164 —

407 3215 693 3286 quantum
740 3210 1012 3286 cognosci
1054 3216 1254 3289 potest
1299 3231 1371 3270 ex
1417 3211 1683 3286 symbolo
1737 3210 1839 3267 illo
1885 3211 2222 3286 regularum
2282 3208 2421 3266 fidei
2480 3230 2640 3269 more

407 3304 470 3358 et
513 3305 818 3358 contracto
865 3308 926 3359 et
970 3307 1160 3369 aucto,
1209 3298 1368 3375 quod
1415 3306 1610 3358 exstat
1656 3299 1719 3356 in
1748 3299 2016 3370 Patricii,
2048 3298 2451 3356 Hibernorum
2500 3319 2636 3376 apo-

407 3387 574 3461 stoli,
637 3387 875 3448 natione
936 3388 1230 3462 Britonis,
1295 3388 1659 3447 confessione
1715 3389 1818 3463 (H.
1866 3386 1984 3446 and
2029 3385 2118 3445 St.
2164 3387 2249 3459 II,
2298 3388 2335 3444 2
2383 3409 2441 3465 p.
2491 3389 2637 3446 297.

407 3477 605 3548 Hahn,
652 3473 982 3538 Bibliotlaek
1025 3476 1132 3537 der
1161 3474 1450 3557 Symbola
1489 3478 1675 3535 1877.
1705 3499 1763 3555 p.
1798 3478 1952 3554 268)
1987 3511 2066 3522 -
2102 3484 2163 3535 et
2206 3476 2295 3536 ita
2340 3477 2640 3557 discrepat

407 3587 538 3625 cum
599 3587 668 3624 ea
726 3567 974 3642 symboli
1034 3567 1344 3645 apostolici
1405 3568 1592 3626 forma
1611 3611 1626 3640 ‚
1690 3586 1805 3643 qua
1854 3566 2110 3625 Romani
2168 3572 2311 3624 tunc
2356 3567 2638 3643 temporis

407 3656 732 3715 utebantur
778 3656 1002 3730 (Hahn,
1051 3678 1106 3734 p.
1161 3657 1240 3715 13
1289 3677 1416 3734 sqq.
1463 3657 1534 3716 cf.
1580 3656 1883 3728 Har-nack,
1933 3653 2068 3714 Art.
2115 3656 2529 3733 Apostolicum
2575 3656 2636 3714 in

409 3743 829 3821 Herzog-Plitt
873 3745 947 3804 R.
993 3745 1093 3823 E.)
1137 3753 1207 3804 ut
1251 3746 1550 3804 Romanos
1594 3745 1911 3804 Britonum
1958 3745 2257 3823 apostolos
2301 3745 2479 3804 fuisse
2526 3745 2639 3804 tibi

409 3833 509 3892 vix
539 3834 909 3912 persuadeas,
958 3841 1018 3894 et
1049 3834 1436 3894 orientalibus
1475 3834 1728 3910 symboli
1756 3832 1975 3904 formis,
2024 3833 2371 3910 quibuscum
2404 3833 2637 3892 Irenaei

413 3923 735 3999 symbolum
783 3923 1119 4001 congruisse
1164 3930 1414 4001 apparet
1458 3943 1531 3982 ex
1575 3923 1797 4000 regulis
1842 3921 1997 3994 fidei,
2046 3943 2195 4000 quae
2238 3923 2397 4000 apud
2441 3923 2636 4001 ipsum

407 4011 782 4090 reperiuntur
812 4013 1037 4089 (Hahn,
1075 4033 1132 4090 p.
1171 4013 1200 4070 1
1239 4015 1367 4089 sq.),
1415 4011 1663 4072 similior
1692 4017 1797 4084 est,
1846 4031 2021 4088 quam
2053 4012 2159 4070 ulli
2190 4011 2632 4071 occidentalium

407 4101 805 4177 symbolorum
849 4102 1088 4160 formae.
1114 4099 1136 4138 ¹

407 4246 631 4253 ψ,-

589 4314 609 4344 ²
648 4310 804 4364 Proh
841 4308 1033 4362 dolor!
1097 4313 1158 4362 et
1191 4310 1366 4378 ipsius
1405 4308 1651 4363 auctoris
1697 4310 2084 4364 additamenta
2128 4314 2188 4363 et
2230 4307 2529 4363 verborum
2576 4311 2635 4364 in

408 4383 694 4439 codicibus
721 4380 1078 4450 corruptelae
1111 4380 1444 4451 impediunt,
1485 4381 1780 4452 quominus
1818 4381 2134 4436 accuratius
2171 4381 2277 4436 hoc
2316 4381 2635 4451 symbolum
