3259 5084
1298 237 1730 294 -21-

392 438 552 477 mum
585 416 963 495 conspicuum
995 422 1107 493 est,
1157 415 1315 493 quod
1361 413 1649 474 dissensio
1696 412 1801 472 illa
1846 433 1964 473 non
2012 412 2223 488 effecit,
2269 418 2339 472 ut
2382 413 2633 474 schisma

392 511 664 566 oreretur
706 505 770 563 in
813 504 1090 564 Francia.

571 596 740 654 Idem
797 594 869 652 de
925 599 1170 652 tonsura
1215 591 1527 651 dicendum
1573 597 1681 652 est.
1773 591 2128 665 Tonsuram,
2190 611 2309 668 qua
2353 591 2633 652 Britones

394 688 482 762 (et
514 683 694 757 Senti,
741 688 812 742 ut
841 683 1001 741 infra
1031 681 1386 757 videbimus)
1417 681 1759 754 utebantur,
1806 681 1984 740 aliam
2029 680 2211 740 fuisse
2258 687 2438 758 atque
2486 700 2633 754 eam,

395 795 544 853 quae
591 772 900 833 dicebatur
945 777 1006 831 et
1051 770 1270 830 dieitur
1315 775 1562 828 tonsura
1617 788 1869 828 coronae
1884 813 1899 843 ,
1961 790 2078 846 qua
2122 769 2378 829 Romani
2426 776 2485 829 et
2530 769 2634 829 alii

394 869 564 922 erant
609 861 850 934 attonsi,
895 860 1055 920 inter
1100 880 1300 918 omnes
1347 863 1594 918 constat.
1688 856 1808 917 Sed
1854 859 2047 935 qualis
2100 858 2283 918 fuerit
2335 859 2451 918 ista
2493 859 2630 917 Bri-

391 958 598 1011 tonum
644 956 925 1010 tonsurae
971 951 1186 1020 forma,
1246 967 1366 1007 non
1411 968 1597 1024 aeque
1642 952 1850 1006 notum
1897 953 2003 1007 est.
2094 945 2198 1006 An
2243 946 2375 1006 fieri
2418 953 2632 1025 potest,

390 1046 460 1098 ut
504 1040 668 1100 nisus
715 1039 914 1101 verbis
955 1037 1310 1110 Mabilionis‚
1358 1057 1508 1114 quae
1537 1038 1583 1097 J
1583 1036 1791 1096 affeius
1838 1035 2241 1112 (Bibliotheca
2285 1057 2397 1096 rer.
2430 1035 2631 1096 Germ.

391 1129 514 1203 ΙΙΙ,
559 1151 618 1207 p.
652 1130 733 1186 26
783 1134 904 1187 not.
939 1129 1003 1204 8)
1049 1126 1488 1205 transscripsit:
1537 1121 1815 1186 Brittones
1860 1123 2208 1186 antea-iorem
2252 1123 2459 1204 capitis
2478 1145 2629 1206 par-

390 1227 504 1278 tem
549 1213 780 1296 capillis
827 1215 1059 1276 omnino
1104 1212 1409 1275 nudabant
1453 1212 1529 1273 ab
1573 1233 1718 1274 aare
1763 1213 1846 1274 ad
1888 1233 2122 1285 aurem,
2172 1213 2503 1294 posteriore
2544 1213 2629 1274 in-

390 1315 582 1378 tonsa,
630 1307 826 1364 animo
875 1306 1124 1383 effingas
1169 1305 1332 1363 illam
1379 1310 1659 1363 tonsurae
1704 1302 1998 1362 formam?
2044 1303 2258 1362 Melius
2301 1303 2459 1362 idem
2502 1303 2629 1362 Ma-

390 1396 532 1455 bilio
580 1394 722 1454 Act.
769 1395 863 1468 H,
923 1415 979 1472 p.
1036 1395 1159 1452 12Ο
1207 1393 1311 1453 vit.
1368 1392 1539 1452 Eust.
1599 1414 1733 1451 ann.
1786 1392 1939 1463 625,
2007 1394 2087 1450 12
2138 1398 2259 1451 not.
2306 1392 2345 1450 b
2391 1399 2631 1452 tonsura

391 1480 732 1555 Hibmica‚
777 1483 990 1560 inquit,
1037 1481 1416 1542 dimidiatam
1461 1500 1741 1542 coronam
1785 1479 2092 1542 reddebat.-
2136 1477 2346 1541 seilicet
2382 1478 2457 1541 ab
2486 1499 2631 1540 aare

390 1572 473 1633 ad
517 1592 722 1633 aurem
755 1592 874 1652 per
902 1571 1169 1655 frontem
1212 1569 1275 1630 in
1319 1590 1596 1630 coronam
1642 1589 1840 1630 caesus
1886 1579 2011 1629 erat
2055 1567 2320 1650 capillus,
2367 1568 2443 1630 ab
2486 1589 2630 1630 aare

390 1661 474 1722 ad
526 1681 730 1722 aurem
770 1681 890 1741 per
944 1658 1283 1760 occipitium
1314 1657 1573 1719 intonsus
1619 1657 1993 1739 dependebat
2085 1658 2251 1718 Talis
2295 1659 2453 1719 enim
2498 1665 2630 1718 erat

390 1750 704 1810 Britonum
775 1756 1055 1823 tonsura,
1125 1757 1189 1808 ut
1257 1747 1320 1808 in
1371 1746 1595 1832 frontis
1664 1746 1961 1832 superficie
2028 1767 2273 1808 coronae
2340 1747 2631 1808 videretur

389 1838 630 1920 speciem
677 1837 1020 1920 praeferre,·
1085 1837 1188 1898 sed
1229 1835 1333 1897 ubi
1374 1836 1460 1897 ad
1503 1836 1779 1898 cmvieem
1821 1835 2243 1897 considerando
2275 1835 2626 1917 perveneris,

392 1927 750 1987 decem-tatam
793 1947 951 2000 eam,
998 1947 1180 2010 qaam
1223 1935 1276 1988 te
1319 1924 1514 1986 videre
1548 1923 1839 2008 putabas,
1896 1923 2143 1986 invenies
2186 1945 2465 1986 coronam
2510 1928 2624 2003 (ep.

395 2015 680 2075 ceolfridi
723 2017 882 2096 apud
928 2018 1154 2076 Bedam
1199 2016 1256 2074 h.
1305 2036 1352 2074 e.
1403 2015 1460 2088 5,
1510 2016 1588 2073 21
1644 2017 1679 2092 ξ
1730 2014 1903 2090 440).

569 2105 703 2165 Hae
749 2106 946 2166 eadem
1003 2110 1250 2165 tonsura
1303 2105 1366 2163 in
1415 2103 1615 2164 Gallia
1676 2123 1911 2181 quoque
1970 2102 2249 2164 Britones
2305 2123 2443 2163 usos
2501 2124 2628 2164 esse

339 2226 342 2229 ·
391 2194 786 2254 testimonium
845 2202 936 2257 est
991 2194 1270 2273 Gregorii
1325 2193 1689 2253 Turonensis
1742 2193 1943 2252 hocce:
2014 2188 2483 2274 Fredeywndis.

388 2279 808 2385 Bajocassz'nos
839 2278 1101 2344 Saxones
1134 2284 1194 2361 (i.
1228 2305 1276 2342 e.
1319 2303 1436 2356 eos,
1484 2283 1588 2360 qui
1634 2303 1883 2361 prope,
1888 2277 2203 2362 ‚Bayeua“
2245 2282 2627 2358 habitabant)

373 2368 552 2453 juxta
603 2371 782 2433 ritum
837 2369 1276 2433 Britannorum
1319 2381 1556 2432 tonsos.
1687 2369 2040 2451 .praeoepit
2086 2370 2167 2446 (11.
2214 2392 2263 2430 e.
2309 2371 2391 2445 X,
2442 2373 2498 2429 9.
2544 2371 2625 2428 H.

385 2461 504 2524 and.
549 2460 636 2521 St.
685 2463 771 2536 II,
824 2464 853 2520 1
907 2484 966 2542 p.
1016 2463 1142 2539 78).
1237 2461 1461 2521 Tamen
1523 2461 1594 2520 de
1655 2461 1779 2520 ulla
1840 2459 2274 2534 controversia,
2346 2480 2496 2537 quae
2554 2479 2627 2518 ex

382 2551 493 2609 hac
555 2550 801 2629 propria
860 2551 1180 2610 Britonum
1241 2548 1526 2613 tondendi
1585 2549 1817 2610 ratione
1880 2554 2015 2609 orta
2076 2555 2230 2608 esset
2290 2548 2353 2607 in
2411 2547 2625 2622 Gallia,

384 2639 702 2700 memoriae
748 2639 831 2697 nil
877 2639 1182 2718 proditum
1228 2643 1333 2697 est.

562 2727 638 2786 In
667 2727 966 2806 Hispania
1011 2734 1208 2787 autem
1256 2727 1315 2785 in
1362 2727 1611 2787 coneilio
1660 2727 1951 2788 Toletano
1996 2725 2091 2787 IV
2134 2747 2267 2785 ann.
2319 2727 2447 2786 633
2496 2733 2625 2786 ton-

383 2837 555 2878 surae
611 2819 803 2876 forma
858 2817 1018 2896 apud
1070 2817 1351 2877 Britones
1406 2817 1627 2877 usitata
1681 2818 2088 2876 comdemnata
2142 2822 2252 2878 est.
2343 2817 2497 2878 Nam
2555 2817 2627 2876 de

381 2907 503 2966 alia
558 2906 812 2983 quadam
868 2906 1048 2966 tertia
1109 2912 1354 2967 tonsura
1407 2907 1598 2966 forma
1664 2907 1725 2965 in
1788 2907 2012 2984 synodo
2076 2905 2182 2966 illa
2247 2911 2444 2966 actum
2507 2927 2626 2966 non

385 3017 510 3056 esse
555 3002 810 3074 apparet
853 2995 1074 3074 partim
1122 3016 1196 3054 ex
1240 2996 1438 3056 verbis
1481 2995 1628 3073 ipsis
1673 3002 1953 3056 tonsurae
1998 2995 2247 3054 formam
2292 2995 2625 3056 describen-

383 3085 568 3158 tibus,
627 3105 779 3162 quae
836 3085 921 3144 sie
976 3085 1200 3164 scripta
1246 3091 1408 3145 sunt:
1479 3103 1675 3144 omnes
1721 3082 1914 3145 clerici
1954 3080 2043 3143 vel
2085 3080 2315 3145 lectores
2360 3082 2505 3143 sicut
2550 3081 2623 3142 Ze-

382 3173 530 3233 vitae
583 3182 635 3233 et
689 3171 1012 3233 sacerdotes
1077 3172 1312 3234 detonso
1375 3171 1643 3253 wpevias
1706 3181 1821 3233 toto
1884 3170 2069 3255 capite
2130 3169 2375 3254 inferius
2440 3169 2627 3232 solam

382 3260 585 3322 circuli
627 3280 906 3322 coronam
950 3258 1302 3344 relinquant,
1357 3281 1475 3322 non
1519 3261 1665 3320 sima
1708 3259 1997 3342 hucusque
2040 3260 2103 3320 in
2152 3255 2439 3322 Galliciae
2472 3279 2623 3340 par-

381 3350 530 3410 tibus
559 3349 768 3434 facere
813 3347 1045 3411 lectores
1089 3349 1384 3421 videntur,
1451 3348 1555 3430 qai
1590 3348 1843 3432 prolia-is
1887 3359 1950 3411 ut
1997 3347 2134 3410 laici
2176 3347 2355 3410 comis
2398 3348 2461 3408 in
2504 3347 2629 3410 solo

383 3439 590 3520 capitis
659 3438 822 3520 apice
887 3438 1186 3500 modicum
1254 3435 1537 3500 civ-calam
1604 3439 1853 3500 tondent.
1935 3435 2123 3501 Ritus
2184 3437 2336 3499 enim
2405 3437 2508 3499 iste
2565 3438 2627 3498 in

381 3525 687 3608 Hispania
744 3525 1034 3610 hucusque
1087 3525 1508 3590 haeretieorum
1552 3537 1679 3590 erat
1724 3531 1910 3605 (eone.
1958 3527 2087 3587 Tol.
2134 3528 2246 3602 IV,
2294 3548 2420 3588 can.
2468 3528 2624 3587 XLI

381 3619 462 3677 H.
495 3619 614 3678 and
645 3617 734 3677 St.
767 3617 852 3691 H,
903 3620 930 3676 1
968 3639 1025 3696 p.
1062 3620 1189 3696 99),
1236 3618 1456 3697 partim
1502 3618 1641 3677 inde
1690 3618 1847 3696 quod
1893 3618 1955 3676 in
2003 3616 2259 3676 Gallioia
2304 3617 2624 3677 Britonum

384 3709 673 3767 coloniam
719 3707 899 3766 fuisse
947 3706 1099 3766 aliae
1141 3727 1348 3767 causae
1381 3709 1773 3785 comprobant
1806 3708 1909 3783 (H.
1943 3707 2060 3766 and
2088 3705 2175 3766 St.
2208 3706 2295 3780 ΙΙ,
2335 3708 2364 3764 1
2402 3728 2459 3785 p.
2495 3706 2621 3786 99).

382 3795 578 3872 Hujus
618 3795 936 3856 Britonum
982 3802 1262 3856 tonsurae
1310 3816 1460 3874 quae
1506 3795 1688 3854 fuerit
1732 3795 1917 3872 origo,
1964 3795 2171 3855 iisdem
2216 3795 2477 3856 tenebris
2522 3797 2624 3855 ob-

381 3892 678 3960 scuratur,
734 3905 884 3962 quae
945 3885 1182 3944 omnino
1245 3893 1523 3944 tonsurae
1582 3883 1923 3963 primordiis
1984 3884 2275 3944 obductae
2330 3892 2471 3945 sunt
2525 3886 2621 3960 (of.

381 3974 735 4048 Hinsohius,
805 3973 1244 4034 Kirohenreoht
1289 3973 1341 4048 I,
1399 3994 1457 4050 p.
1495 3974 1681 4050 ¹104).
1774 3972 2001 4032 Tamen
2057 3973 2288 4033 concilii
2344 3973 2623 4033 Toletani

333 4062 341 4070 '
380 4063 554 4122 illud:
601 4062 784 4134 „ritus
825 4062 981 4123 enim
1007 4061 1112 4123 iste
1140 4060 1430 4142 hueusque
1473 4059 1892 4122 haereticorum
1936 4071 2113 4137 (παῦ’,
2160 4083 2291 4122 eum
2337 4061 2624 4120 haeretiei

381 4153 466 4210 illi
516 4159 678 4212 certo
722 4172 842 4210 non
889 4152 1261 4228 intelligendi
1307 4152 1428 4210 sint
1472 4150 1753 4210 Britones
1802 4187 1884 4196 —-
1931 4173 2068 4211 nam
2114 4152 2270 4210 inter
2315 4149 2623 4228 episcopos

381 4261 509 4314 eos,
581 4242 683 4319 qui
741 4240 951 4316 synodi
1006 4241 1246 4300 statutis
1301 4239 1805 4318 subscripserunt,
1875 4241 2183 4319 episeopus
2248 4238 2487 4315 quidam
2548 4238 2623 4298 de

379 4329 732 4390 Britonibus
764 4328 1062 4407 reperitur
1103 4365 1172 4372 —
1211 4331 1614 4391 demonstrare
1645 4336 1844 4408 potest
1874 4331 2029 4388 hune
2053 4328 2370 4388 Britonum
2402 4348 2621 4388 morem
