3259 5084
1274 228 1712 285 —85.-

382 413 579 479 nerat,
622 406 880 483 denique
928 406 1160 465 Tudam
1171 450 1185 480 ,
1250 406 1353 483 qui
1396 412 1611 466 tenente
1657 402 1850 463 adhuc
1879 403 2288 489 pontzflcatzm
2337 402 2620 465 Colmano

382 496 444 567 in
502 495 1080 572 Nordanhymbriam
1150 500 1399 554 venerat
1456 501 1518 554 et
1574 495 1816 553 summis
1875 494 2035 571 apud
2092 486 2620 570 Nordanhymbros

382 584 707 643 honoribus
752 584 1109 657 habebatur,
1172 602 1511 660 quanquam
1566 582 1734 663 apud
1788 580 1993 643 Scotos
2047 580 2335 642 austrinos
2387 582 2448 641 in
2503 580 2618 643 Hi-

384 671 583 732 bernia
626 671 887 733 msditas
926 669 1107 753 juxta
1148 691 1372 732 morem
1425 669 1583 732 illitas
1622 670 1968 752 provinciae
2021 680 2322 731 tonsuram
2376 690 2622 732 coronae

382 759 625 821 habebat
664 770 717 821 et
744 758 1087 821 catholicam
1132 760 1406 840 temporis
1435 758 1740 841 paschalis
1769 757 2035 841 reyulam
2065 758 2398 819 observabat
2427 761 2622 837 (Beda

361 854 440 921 h.
472 872 519 909 e.
554 852 613 929 3,
650 852 751 923 26,
783 852 819 927 ξ
852 852 1024 927 237).
2551 862 2554 865 ·

563 940 730 1013 Quae
775 960 909 997 cum
954 940 1042 997 ita
1088 944 1307 1012 essent,
1366 937 1495 997 fieri
1540 958 1659 997 non
1715 938 1939 1020 potuit,
1988 938 2131 1015 quin
2191 937 2446 1019 quaestio
2490 936 2620 1019 fre-

383 1048 559 1110 quens
616 1036 667 1087 et
722 1046 943 1109 maqna
1002 1027 1076 1087 de
1145 1025 1533 1087 observatione
1590 1025 1852 1107 paschae
1917 1026 2170 1087 oriretur
2237 1028 2398 1085 inter
2460 1028 2622 1105 ipsos

386 1117 593 1177 Scotos
638 1123 701 1176 et
746 1134 861 1189 eos,
905 1116 1011 1197 'qui
1053 1116 1127 1177 de
1174 1111 1382 1177 Gnatia
1427 1112 1517 1175 vel
1560 1115 1636 1175 de
1680 1110 1883 1177 Gallia
1925 1114 2282 1175 advenerant
2325 1114 2518 1193 (Beda
2563 1116 2623 1173 h.

386 1222 434 1266 e.
484 1208 541 1280 3,
567 1206 693 1279 25,
742 1207 779 1283 ξ
829 1208 1003 1282 226).«
1094 1202 1216 1265 Sed
1272 1202 1413 1264 haec
1472 1204 1834 1265 dissonantia
1874 1202 2172 1285 >paschalis
2231 1202 2625 1264 observantiae

385 1293 599 1355 vivente
656 1292 906 1355 Aedano
957 1293 1249 1377 patienter
1304 1292 1381 1353 ab
1437 1292 1730 1363 omm’bus,
1762 1290 2118 1353 tolerabatur
2175 1294 2256 1371 (h.
2305 1315 2350 1352 e.
2403 1295 2468 1367 3,
2519 1293 2622 1367 25,

388 1386 425 1461 ξ
475 1386 649 1462 226),
696 1384 961 1444 Finanus
1022 1388 1244 1457 autem,
1292 1383 1533 1442 Aedani
1586 1401 1887 1443 successor
1930 1383 2352 1459 (651—661),
2401 1383 2624 1461 quippe

389 1474 512 1549 qni·
537 1474 711 1531 homo
756 1479 913 1531 esset
958 1472 1259 1532 ferocioris
1289 1473 1488 1546 animi,
1535 1478 1809 1549 apertum
1856 1471 2270 1531 observantiae
2313 1472 2624 1531 Romanae

387 1563 787 1621 adversarium
834 1581 895 1621 se
938 1562 1237 1639 praebuit,
1286 1568 1347 1621 et
1406 1582 1538 1619 cum
1594 1562 1872 1619 defuncto
1919 1556 2151 1619 Finano
2193 1560 2514 1619 colmanus
2560 1560 2623 1619 in

388 1652 792 1730 episcopatum
838 1652 1230 1724 successisset,
1277 1651 1456 1709 etiam
1500 1650 1746 1726 gravior
1787 1651 1949 1708 facta
1995 1655 2086 1707 est
2131 1649 2554 1728 controversia.

564 1740 727 1815 Quid
784 1740 967 1799 tunc?
1040 1740 1467 1799 Intermissane
1527 1744 1619 1797 est
1679 1738 2042 1797 consuetudo
2079 1758 2237 1796 cum
2292 1736 2623 1795 Romanis?

390 1828 619 1889 Suntne
666 1834 833 1887 ortae
880 1828 1225 1887 inimicitiae
1258 1827 1413 1886 sicut
1457 1827 1615 1885 inter
1645 1826 1924 1885 Britones
1958 1833 2018 1886 et
2046 1826 2388 1891 Romanos?
2432 1826 2626 1884 Immo
2693 1868 2700 1873 ·

386 1918 596 1976 habita
642 1922 731 1974 est
777 1916 1033 1993 synodus
1078 1917 1140 1974 in
1186 1915 1545 1975 monasterio
1578 1914 2160 1975 Strenaeshalchensi
2206 1921 2448 1974 auctore
2491 1915 2623 1993 ipso

388 2023 529 2078 rege
578 2001 801 2062 Osviuo
834 2028 916 2047 -ι
966 2009 1027 2061 et
1072 2004 1399 2081 composita
1444 2010 1535 2062 est
1578 2004 1998 2064 controversia.
2060 2004 2272 2065 Nonne
2317 2004 2463 2062 haec
2493 2004 2624 2082 ipsa

390 2110 483 2149 res
528 2090 989 2150 luculentissime
1035 2093 1381 2169 comprobat
1424 2093 1537 2151 nisi
1584 2094 1909 2153 levioribus
1969 2093 2234 2153 diversas
2279 2112 2400 2151 non
2443 2092 2624 2151 fuisse

392 2178 665 2239 ecclesias
722 2179 1035 2239 Scotorum
1091 2186 1153 2241 et
1198 2179 1642 2240 Romanorum?
1688 2181 1862 2241 Adeo
1907 2182 2148 2241 levioris
2202 2182 2486 2241 momenti
2531 2183 2622 2240 fu-

392 2274 567 2327 erunt
612 2264 765 2327 aliae
811 2266 949 2327 iIlae
993 2266 1397 2330 ecclesiasticae
1442 2269 1589 2329 vitae
1618 2267 2006 2351 disczplinae,
2031 2272 2104 2329 de
2139 2271 2355 2347 quibus
2386 2277 2626 2347 praeter

387 2358 861 2417 observationem
922 2360 1255 2436 paschalem
1313 2360 1719 2419 controversia
1780 2366 1912 2417 orta
1973 2368 2102 2419 erat
2164 2360 2244 2436 (h.
2293 2380 2342 2417 e.
2405 2361 2440 2416 3
2458 2402 2472 2431 ,
2523 2360 2624 2430 25,

386 2449 421 2527 ξ
470 2448 643 2523 227),
689 2452 759 2504 ut
805 2447 973 2505 Beda
1018 2449 1206 2506 solum
1253 2448 1314 2506 id
1360 2449 1676 2507 memoriae
1721 2450 2024 2525 proderet,
2089 2447 2248 2524 quod
2304 2438 2376 2504 de
2423 2449 2623 2506 obser-³

385 2536 591 2596 vantia
650 2535 918 2613 paschali
976 2540 1175 2595 actum
1238 2542 1332 2595 est
1395 2538 1459 2593 in
1520 2536 1763 2611 synodo·
1851 2536 2062 2613 Neque
2123 2541 2325 2594 tamen
2387 2535 2625 2594 omnino
2649 2548 2668 2573 ‘

387 2625 744 2703 ignoramus,
812 2616 963 2699 quae
1022 2624 1247 2700 fuerint
1292 2624 1441 2682 aliae
1486 2624 1625 2682 sslae
1671 2625 2106 2683 controversiae
2153 2640 2378 2683 causae.
2469 2623 2625 2705 Nam

388 2713 588 2773 etiam·
612 2712 687 2769 de
746 2716 995 2771 tonsura
1054 2730 1173 2771 non
1236 2713 1539 2771 minimam
1601 2705 2005 2792 quaestionem
2059 2714 2240 2771 fuisse
2284 2713 2452 2771 Beda
2498 2712 2628 2791 ipse

386 2809 479 2862 est
522 2800 695 2860 testis
741 2801 823 2877 (h.
868 2822 918 2859 e.
969 2802 1025 2873 3,
1076 2803 1177 2873 26,
1228 2802 1263 2879 ξ
1299 2802 1472 2879 236).
1543 2801 1864 2861 Praeterea
1922 2821 2073 2879 quae
2127 2802 2352 2861 fuerint
2398 2788 2624 2875 causae}

385 2892 745 2969 ignoramus,
822 2888 1255 2967 Suspicandum
1302 2898 1500 2950 autem
1546 2897 1638 2950 est
1683 2891 1758 2949 de
1803 2891 2019 2950 ritibus
2063 2892 2503 2965 ecclesiasticis,
2551 2892 2626 2950 de

388 2980 831 3039 consecratione
890 2980 1263 3039 sacerdotum
1310 2980 1454 3055 (vid.
1511 3000 1691 3058 supra
1747 3001 1806 3059 p.
1855 2983 1983 3057 76),
2045 2981 2120 3039 de
2179 2981 2412 3039 ratione
2477 2968 2624 3038 celei

386 3066 652 3125 brandae
699 3067 1090 3127 eucharistiae
1120 3069 1265 3145 (vid.
1310 3069 1469 3128 infra
1514 3070 1676 3148 apud
1703 3069 1831 3128 001.
1863 3070 2040 3146 Lux.)
2089 3075 2148 3130 et
2193 3069 2268 3127 de
2308 3069 2438 3127 aliis
2471 3060 2624 3144 ejus2

390 3154 551 3212 modi
612 3174 738 3213 esse
802 3156 1198 3233 disputatum,
1260 3157 1335 3215 de
1392 3160 1607 3233 quibus
1671 3158 1960 3217 sciscitari
2005 3165 2212 3217 nostra
2257 3175 2377 3215 non
2422 3158 2624 3227 refer&

390 3242 530 3319 quia
574 3242 703 3321 ipse
750 3244 963 3319 synodi
1008 3250 1255 3303 eventus
1294 3245 1669 3314 ,demonstrat
1725 3247 1950 3305 leviora
2007 3247 2190 3305 fuisse
2252 3246 2356 3305 illa
2409 3246 2626 3305 omniai

568 3330 889 3391 Colmanus
935 3332 1173 3409 quidem
1216 3352 1422 3410 pacem
1470 3340 1531 3393 et
1576 3334 1948 3392 concordiam
2011 3354 2142 3392 cum
2188 3334 2476 3393 Romanis
2535 3337 2627 3393 1⁴e1

388 3420 551 3499 spuit
583 3426 645 3479 et
674 3418 873 3480 videns
916 3426 1177 3499 spretam
1204 3440 1375 3479 suam
1404 3418 1734 3481 doctrinam
1771 3429 2092 3504 sectamque
2135 3442 2252 3484 esse
2295 3417 2626 3503 despectant

388 3508 703 3589 assumptis
747 3505 865 3581 his,
912 3510 1105 3587 iisque
1149 3511 1373 3588 paucis,
1418 3509 1522 3592 qui
1561 3528 1697 3572 eum
1725 3510 1888 3593 seqm'
1912 3510 2228 3584 columam,
2271 3512 2335 3572 in
2365 3499 2626 3573 Scotiamt

386 3616 679 3679 reyressus
724 3606 805 3658 est
850 3599 1045 3675 (Beda
1089 3600 1145 3657 h.
1194 3620 1243 3657 e.
1292 3600 1349 3673 3,
1384 3600 1487 3673 26,
1536 3601 1571 3678 ξ
1608 3601 1781 3677 236),
1829 3601 1932 3659 sed
1977 3602 2106 3679 ipse
2152 3620 2258 3661 rex
2303 3607 2391 3675 et,
2439 3603 2543 3679 qui
2589 3590 2625 3659 a

388 3686 675 3746 Colmano
722 3693 1015 3747 steterant
1058 3689 1121 3745 in
1152 3690 1395 3765 synodo,
1428 3688 1593 3748 cedd
1640 3691 1952 3769 episcopus
1999 3698 2059 3750 et
2088 3690 2276 3750 Hilda
2323 3691 2627 3750 abbatissa

387 3775 698 3835 Scotorum
760 3777 1013 3853 vestigia
1070 3776 1443 3854 reliquerunt
1497 3780 1577 3855 (h.
1626 3800 1674 3837 e.
1729 3780 1784 3853 3,
1835 3777 1937 3852 26,
1985 3780 2020 3857 ξ
2066 3781 2223 3857 236)
2281 3788 2342 3839 et
2399 3781 2625 3857 ubique

386 3865 450 3922 in
496 3864 814 3925 Britannia
860 3883 1063 3925 omnes
1092 3864 1285 3943 Angli
1329 3867 1497 3927 brevi
1539 3873 1807 3945 tempore
1856 3869 1932 3927 ad
1971 3868 2376 3928 Romanorum
2423 3869 2621 3927 amici-

388 3952 534 4011 tiam
580 3974 641 4013 se
688 3956 1069 4013 contulerunt
1114 3960 1176 4013 et
1220 3956 1339 4033 ipsi
1370 3954 1550 4026 Scoti,
1600 3958 1703 4033 qui
1747 3958 1913 4017 inter
1939 3952 2174 4035 Anglos
2218 3960 2624 4026 morabantur,

388 4046 490 4101 aut
548 4060 760 4101 manus
820 4040 1103 4102 dederant
1158 4040 1449 4104 Romanis
1504 4052 1607 4102 aut
1665 4065 1834 4104 suam
1891 4044 2188 4107 redierunt
2238 4045 2322 4105 ad
2353 4043 2625 4124 patriam

387 4130 468 4207 (h.
517 4151 565 4205 e,
617 4131 673 4204 3,
724 4130 825 4204 28,
873 4132 909 4208 ἓ
958 4132 1129 4207 244).
1220 4134 1354 4207 Quo
1399 4134 1621 4191 factum
1669 4140 1784 4208 est,
1843 4142 1913 4194 ut
1961 4143 2217 4213 quatuor
2271 4134 2440 4192 annis
2486 4136 2626 4211 post

390 4220 677 4297 synodum
724 4218 1379 4279 Strenaeshalchensem
1426 4220 1794 4297 Theodorus,
1841 4224 2314 4301 archiepiscopus
2361 4221 2620 4281 Cantua-

389 4310 608 4384 reneis,
654 4308 849 4368 Roma
892 4308 1105 4367 missus
1160 4312 1343 4388 (668)
1388 4317 1619 4369 tantam
1678 4312 1848 4372 brevi
1907 4318 2171 4389 tempore
2229 4311 2293 4370 in
2353 4312 2626 4371 omnibus
2691 4388 2698 4396 ·
