3259 5084
1297 258 1741 314 „39ss

398 432 564 494 vitate
598 430 866 515 flatuque
899 451 1194 513 prospero
1239 453 1404 492 mare
1447 441 1713 494 nostrum
1758 432 2043 494 contendit
2089 440 2149 494 et
2194 437 2275 511 (p.
2308 435 2459 512 XV)
2506 436 2639 510 alia,

399 523 738 584 obscuriora
794 523 1034 600 quidem
1078 523 1207 596 illa,
1271 543 1449 600 quam
1503 528 1571 580 ut
1617 542 1957 582 asseverare
2012 523 2259 582 audeam
2306 523 2379 582 de
2424 525 2639 584 itinere

397 613 670 672 Romano
731 614 792 670 in
847 613 966 670 illis
1019 611 1150 670 fieri
1209 613 1593 684 mentionem,
1655 612 1897 672 haecce:
1970 607 2166 672 Victor
2211 621 2335 670 erat
2380 611 2637 694 anyelu-S,

396 700 500 782 qai
541 697 871 761 Patricium
927 719 1096 780 saepe
1148 699 1380 760 visitare
1424 697 1638 760 solebat
1683 709 1733 760 et
1796 696 1991 760 Victor
2034 698 2279 760 alterum
2326 699 2640 782 anyaelum

397 789 480 850 ad
522 787 852 849 Patricium
884 787 1319 868 prohibendum
1362 809 1432 850 ne
1466 797 1677 868 peryet
1721 809 1834 870 quo
1867 809 2113 870 peryere
2160 790 2317 869 capit
2362 789 2547 850 missit
2587 799 2639 852 et

397 877 550 938 dicit
592 876 702 951 illi,
748 897 932 959 quare
964 877 1351 961 prqfioiscevis
1381 877 1502 938 sine
1542 873 1788 938 Victoris
1818 876 2055 938 consilio
2087 923 2099 938 .
2134 924 2147 938 .
2182 923 2195 938 .
2228 881 2327 954 (cf.
2358 901 2416 957 p.
2440 880 2637 939 XVII

397 965 708 1048 anquelicis
753 965 1068 1048 conloquiis
1081 965 1402 1049 fruebatur
1431 975 1745 1048 antequam
1776 967 1848 1027 de
1879 964 2079 1028 Scotia
2108 967 2192 1028 ad
2222 965 2474 1028 Latinos
2492 988 2634 1047 per-

389 1055 592 1138 yeret).
685 1057 896 1117 Nonne
942 1057 1034 1116 his
1083 1077 1316 1134 quoque
1363 1057 1560 1116 verbis
1607 1057 1811 1116 dedita
1856 1077 2038 1134 opera
2082 1057 2355 1116 Muirchu
2400 1057 2638 1126 videtur

396 1167 642 1224 negasse
673 1146 1004 1205 Patricium
1049 1146 1387 1225 pervenisse
1419 1145 1719 1204 Romam?
1789 1145 1864 1204 Id
1912 1146 2149 1224 quidem
2180 1147 2471 1224 suspicari
2499 1147 2639 1205 licet
2738 1213 2741 1217 ,

396 1235 770 1294 Muirchuum
825 1236 1101 1313 episcopo
1149 1235 1419 1292 Romano
1466 1234 1625 1294 haud
1671 1235 1758 1294 ita
1804 1236 1953 1293 bene
1996 1235 2269 1312 cupiisse.
2347 1235 2636 1312 Alioquin

397 1345 472 1382 an
535 1324 864 1402 scripsisset
924 1325 996 1382 de
1041 1324 1312 1382 Palladio
1373 1344 1408 1381 a
1455 1323 1791 1383 Goelestino
1856 1324 2059 1382 misso:
2112 1319 2413 1402 prohibuit
2466 1321 2639 1382 illum

397 1415 532 1491 [om.
564 1414 750 1492 deus],
792 1411 930 1493 quia
959 1431 1126 1472 nemo
1148 1421 1338 1494 potest
1367 1411 1626 1491 accivere
1655 1411 1965 1493 quicquam
1995 1411 2067 1472 de
2099 1421 2257 1470 terra
2285 1411 2402 1471 nisi
2428 1411 2638 1474 datum

394 1501 446 1562 ei
487 1500 680 1583 faerit
738 1501 812 1562 de
871 1499 1023 1561 coelo
1072 1546 1084 1558 .
1121 1545 1133 1558 .
1167 1545 1226 1560 ..
1273 1520 1534 1560 rever-sus
1589 1509 1670 1560 est
1722 1500 1806 1560 ad
1860 1520 2017 1572 eam,
2079 1499 2183 1581 qui
2232 1499 2415 1562 missit
2469 1497 2637 1560 illum

395 1591 673 1667 (Betham
703 1591 790 1660 II,
824 1612 958 1668 app.
989 1612 1048 1667 p.
1080 1590 1186 1667 1)‘?
1249 1589 1538 1649 Attamen
1569 1590 1962 1648 fraudationis
1990 1591 2366 1649 Muirchuum
2400 1611 2635 1650 accuses

394 1681 591 1738 nolim.
683 1680 875 1738 Immo
937 1686 1140 1758 putem
1195 1682 1321 1754 jam
1381 1684 1522 1738 tunc
1567 1679 1748 1738 fuisse
1794 1679 2132 1752 nonnullos,
2196 1681 2298 1756 qui
2343 1679 2635 1756 fingerent

395 1769 724 1828 Patricium
769 1789 880 1846 pro
925 1768 1199 1828 Palladio
1246 1769 1342 1828 vel
1386 1774 1524 1845 post
1569 1768 1907 1826 Palladium
1954 1768 2148 1826 Roma
2195 1789 2266 1826 ex
2310 1769 2461 1827 urbe
2507 1789 2633 1828 esse

392 1859 651 1916 missum.
731 1859 962 1931 Quibus
1007 1878 1139 1918 cum
1184 1857 1458 1916 Muirchu
1503 1856 1683 1916 vellet
1728 1857 2042 1930 obsistere,
2104 1877 2309 1916 averso
2357 1857 2551 1918 animo
2598 1879 2635 1916 a

396 1947 578 2006 variis
624 1947 742 2005 illis
790 1947 1040 2019 casibus,
1088 1946 1304 2022 quibus
1349 1945 1651 2004 Patricius
1697 1951 2017 2022 antequam
2066 1966 2139 2004 ex
2186 1944 2384 2004 Gallia
2430 1946 2493 2004 in
2522 1946 2633 2004 Hi·

392 2036 659 2094 herniam
721 2035 951 2094 veniret
1003 2039 1268 2110 jactatus
1330 2040 1419 2092 est
1481 2053 1681 2092 omnes
1744 2034 2133 2110 cogitationes
2189 2034 2364 2093 nimis
2407 2034 2635 2094 fervide

395 2124 635 2185 videtur
679 2124 1004 2184 intendisse
1050 2123 1126 2182 ad
1171 2123 1512 2183 diluendam
1557 2124 1796 2182 illorum
1844 2124 2197 2202 opinionem.

573 2213 691 2274 Sed
739 2233 976 2291 quoquo
1024 2213 1197 2272 modo
1245 2233 1340 2272 res
1385 2233 1509 2272 sese
1557 2213 1739 2271 habet
1786 2233 1917 2272 cum
1948 2213 2245 2272 Muirchui
2275 2214 2633 2287 narratione,

392 2305 503 2362 hoc
561 2323 669 2380 pro
727 2309 890 2361 certo
946 2323 1254 2380 possumus
1308 2301 1604 2361 affirmare
1658 2302 1880 2362 saeculi
1926 2302 2165 2380 septimi
2210 2303 2399 2361 altera
2443 2309 2633 2380 parte,

394 2413 524 2450 cum
587 2392 952 2450 Tirechanus
1014 2392 1336 2464 scribebat,
1402 2391 1465 2448 in
1526 2392 1819 2450 Hibernia
1877 2391 2058 2450 fuisse
2117 2392 2468 2467 permultos,
2532 2392 2635 2467 qui

393 2481 643 2540 Patricii
690 2481 907 2540 itinera
940 2499 1060 2560 per
1095 2474 1363 2540 Galliam
1408 2488 1577 2562 atque
1615 2477 1852 2540 Italiam
1881 2487 2061 2538 totam
2090 2477 2440 2540 firmissimis
2468 2480 2634 2540 testi·

394 2571 624 2642 moniis,
673 2571 860 2647 ipsius
906 2569 1157 2628 Patricii
1203 2570 1461 2646 scriptis,
1509 2570 1799 2626 haberent
1846 2568 2245 2645 comprobata.

573 2658 801 2717 Verum
847 2658 1142 2718 enimvero
1190 2657 1321 2734 ipsa
1367 2657 1469 2715 illa
1515 2657 1677 2714 dicta
1714 2656 1967 2714 Patricii
2010 2655 2151 2715 ficta
2196 2677 2323 2716 esse
2368 2664 2632 2734 possunt,

395 2749 572 2824 idque
619 2747 682 2805 in
713 2746 1009 2805 Hibernia
1056 2745 1444 2818 meridionali,
1495 2745 1717 2823 quippe
1750 2765 1901 2822 quae
1932 2745 2126 2822 prima
2158 2746 2419 2804 omnium
2450 2746 2634 2805 totius

394 2836 724 2896 Hiberniae
782 2836 1087 2912 regionum
1149 2855 1304 2893 anno
1354 2835 1480 2892 634
1527 2834 1870 2894 societatem
1925 2834 2128 2894 inierit
2174 2855 2305 2896 cum
2350 2835 2636 2894 Romanis

396 2926 538 3001 (vid.
572 2925 768 3001 infra).
847 2925 1254 3003 Suspicionem
1301 2925 1456 2983 enim
1505 2930 1719 2996 movet,
1769 2925 1928 3001 quod
1973 2925 2267 3001 permulta
2314 2929 2457 2983 tunc
2488 2931 2633 2983 tem·

396 3014 560 3089 poris
613 3013 750 3072 ficta
798 3021 934 3073 sunt
981 3014 1142 3074 dicta
1187 3013 1468 3086 Patricii,
1533 3033 1685 3090 quae
1728 3014 1896 3071 illum
1940 3013 2227 3072 Romanis
2274 3013 2491 3072 favisse
2536 3014 2633 3072 de-

399 3107 812 3158 monstrarent.
888 3102 985 3160 Ex
1032 3103 1246 3178 quibus
1291 3103 1403 3163 hoc
1450 3123 1633 3160 unum
1666 3121 2122 3160 commemorare
2155 3102 2302 3160 satis
2334 3102 2429 3174 sit,
2479 3103 2637 3178 quod

399 3189 461 3246 in
495 3189 818 3247 canonibus
850 3190 1194 3248 Hibernicis
1223 3210 1415 3266 nuper
1444 3191 1701 3266 primum
1732 3191 1794 3248 in
1826 3191 2016 3248 lucem
2049 3189 2227 3250 editis
2260 3185 2405 3264 (Die
2434 3186 2638 3248 iii-§che

401 3273 1023 3356 Canonensammlunq.
1085 3277 1378 3356 Herausg.
1409 3297 1526 3336 von
1557 3278 2096 3336 Wasserschleben.
2154 3277 2402 3338 Giessen
2441 3279 2636 3358 1874)

397 3387 552 3426 anno
601 3366 836 3425 circiter
886 3367 1012 3424 700
1061 3366 1408 3443 conscriptis
1456 3366 1999 3440 (Wasserschleben
2045 3387 2102 3444 p.
2150 3366 2260 3440 VI,
2316 3389 2375 3444 p.
2422 3367 2635 3442 XVII,

399 3458 436 3514 2
485 3462 546 3514 et
591 3455 838 3528 XVIII,
889 3456 952 3531 3)
999 3455 1300 3514 Patricius
1360 3473 1478 3513 non
1538 3457 1727 3514 solum
1787 3455 2007 3514 dicitur
2060 3455 2413 3529 decrevisse,
2474 3463 2543 3516 ut
2586 3456 2642 3518 32⁰

395 3563 543 3626 quae
601 3543 955 3626 quaestiones
1013 3543 1077 3603 in
1134 3541 1243 3602 hac
1301 3541 1491 3603 imula
1537 3543 1832 3614 om'antar,
1893 3543 1977 3604 ad
2019 3544 2213 3604 sedem
2258 3543 2637 3625 apostolicam

395 3631 724 3713 refhrantur
769 3634 896 3709 (lib.
928 3633 1076 3706 XX,
1128 3633 1164 3692 5
1199 3634 1582 3693 Wasserschl.
1615 3657 1673 3712 p.
1711 3635 1791 3692 73
1841 3635 1912 3692 cf.
1944 3655 2123 3712 supra
2170 3655 2321 3711 quae
2365 3656 2437 3694 ex
2484 3636 2635 3694 libro

397 3721 618 3799 Angeli
663 3722 1044 3800 transscripsi
1089 3745 1148 3800 p.
1183 3723 1291 3800 35)
1340 3723 1443 3782 sed
1489 3723 1670 3782 etiam
1719 3723 2092 3783 constituisse
2139 3725 2373 3784 haecce.
2422 3723 2475 3783 si
2510 3723 2637 3806 quis

397 3808 665 3882 cleo-imis,
728 3808 892 3892 cujus
953 3809 1154 3893 capilli
1208 3831 1322 3870 non
1384 3821 1515 3872 sunt
1560 3811 1712 3872 tonsi
1755 3808 2032 3872 Romano
2077 3832 2265 3884 more,
2333 3811 2494 3873 debet
2538 3833 2633 3874 ex-

397 3898 820 3959 communicari
881 3901 1006 3976 (lib.
1051 3900 1204 3973 LII,
1270 3903 1325 3958 7.
1394 3901 1782 3962 Wasserschl.
1840 3924 1897 3979 p.
1948 3903 2119 3980 242).
2212 3902 2452 3963 Fictum
2512 3923 2636 3960 esse

397 3989 651 4047 alterum
707 3989 854 4047 illud
902 3990 1124 4048 dictum
1170 3990 1535 4066 argumentis
1583 3989 1927 4050 confirmare
1974 4011 2121 4070 opus
2170 4012 2287 4050 non
2334 3997 2439 4049 est.
2516 3988 2637 4048 Sed

391 4081 566 4153 juvat
623 4096 1076 4136 commemorare
1131 4077 1659 4136 luculentissimum
1706 4087 1939 4139 exstare
1986 4079 2416 4150 testimonium,
2480 4077 2637 4154 quod

397 4217 647 4226 -.—---—..-

399 4285 683 4342 affirmare
731 4284 993 4338 dissidiae
1039 4285 1182 4339 illud
1230 4287 1475 4356 positum
1524 4303 1646 4340 esse
1694 4303 1798 4355 pro
1848 4288 2021 4342 verbo
2069 4285 2287 4340 dissidii
2324 4289 2382 4340 et
2418 4285 2637 4342 dissidii

397 4357 680 4412 dominum
716 4356 932 4410 dictum
969 4372 1091 4410 esse
1131 4358 1459 4426 episcopum
1498 4357 1833 4412 Romanum.
