3259 5084
1319 253 1707 310 ...5...

401 432 589 492 thecis
666 432 864 509 regiae
926 431 1304 494 Berolinensi
1361 436 1422 490 et
1480 431 1679 508 regiae
1737 431 2059 492 Dresdensi
2118 440 2181 492 et
2239 432 2633 492 bibliothecae

402 520 812 582 universitatis
843 521 1256 598 Gottingensis
1287 527 1586 599 praesunt,
1632 521 1858 598 gratias
1890 523 2237 599 persolvam,
2286 521 2444 600 quod
2489 543 2631 581 non·

404 611 593 670 nullos
638 611 820 670 libros
837 657 852 685 ‚
924 611 1026 689 qui
1085 610 1148 668 in
1195 616 1430 670 nostrae
1476 611 1641 669 urbis
1687 609 2063 670 bibliothecis
2110 611 2350 684 desunt,
2422 631 2633 688 eosque

405 699 549 759 mihi
595 701 853 760 omnium
898 698 1241 760 utilissimos
1286 699 1429 758 mihi
1485 698 1975 759 transmittendos
2020 700 2347 760 liberaliter
2394 720 2632 760 curave·

404 796 568 863 runt,
617 796 676 849 et
719 796 788 849 ut
833 813 868 849 a
913 789 1234 849 lectoribus
1279 795 1510 867 petam,
1556 794 1625 847 ut
1670 788 2034 862 condonent,
2082 790 2241 866 quod
2285 790 2417 849 aliis
2462 790 2634 849 libris

403 879 798 952 Britannicis,
867 885 1077 957 utpote
1146 898 1293 954 quos
1363 877 1609 956 adipisci
1679 898 1797 936 non
1866 878 2195 956 potuerim,
2270 879 2331 938 vi
2398 885 2634 940 coactus

402 968 494 1030 uti
537 968 725 1030 omisi.

582 1058 751 1116 Haec
796 1056 868 1115 de
913 1057 1110 1130 libris,
1173 1057 1276 1133 qui
1336 1055 1677 1132 adjumento
1724 1055 1865 1114 mihi
1914 1061 2099 1116 erant.
2191 1055 2390 1134 Ipsius
2436 1055 2633 1134 dispu-

403 1147 647 1207 tationis
679 1146 981 1205 exordium
1013 1147 1089 1206 ab
1119 1144 1392 1206 Ebrardo
1423 1144 1545 1204 fiat.
1638 1143 1981 1204 Sententiae
2014 1148 2139 1221 ejus
2171 1160 2395 1204 summa
2423 1146 2635 1204 haecce

407 1243 528 1297 est:
574 1235 889 1296 Britonum
923 1234 1350 1313 Scotorumque
1383 1235 1643 1308 ecclesia,
1697 1233 2031 1310 „culdeica“
2079 1236 2213 1310 jure
2259 1234 2633 1307 nominanda,

405 1326 545 1405 quia
606 1324 913 1386 christiani
964 1324 1300 1385 Britannici
1345 1330 1408 1384 et
1455 1322 1674 1384 Scotici
1734 1329 1795 1382 et
1856 1323 2316 1384 nominabantur
2362 1331 2423 1384 et
2466 1329 2637 1384 erant

403 1414 613 1476 Ouldei
657 1415 696 1472 i.
729 1436 776 1473 6.
823 1414 937 1475 viri
982 1415 1094 1488 dei,
1141 1413 1649 1493 peregrinantium
1694 1433 1875 1491 opera
1920 1419 2251 1492 propagata
2296 1433 2402 1492 per
2446 1420 2635 1473 totam

403 1503 662 1566 Galliam
680 1549 694 1577 ,
743 1503 1122 1563 Germaniam
1140 1549 1153 1575 ,
1214 1503 1554 1563 Helvetiam
1598 1503 1801 1580 paullo
1848 1508 1987 1562 ante
2032 1502 2322 1562 Bonifatii
2368 1508 2635 1581 tempora

403 1595 614 1654 mirum
661 1593 723 1652 in
769 1593 1006 1652 modum
1059 1593 1148 1652 ita
1193 1593 1475 1665 florebat,
1544 1598 1613 1651 ut
1670 1612 1791 1650 una
1852 1598 1913 1651 et
1967 1591 2181 1670 spiritu
2226 1597 2286 1652 et
2332 1591 2447 1651 fide
2492 1592 2635 1668 quin

403 1684 584 1744 etiam
621 1683 1034 1760 jurisdictione
1053 1727 1067 1756 ,
1117 1683 1338 1761 quippe
1387 1701 1538 1759 quae
1583 1681 1864 1740 universa
1909 1681 2143 1740 abbatis
2190 1681 2455 1741 Hiiensis
2499 1701 2633 1760 pro·

401 1772 597 1833 vincia
643 1779 814 1846 esset,
860 1772 1201 1850 evangelica
1231 1772 1475 1830 ecclesia
1505 1791 1693 1850 paene
1741 1770 2029 1850 appellari
2073 1776 2289 1848 posset,
2335 1791 2473 1829 nam
2517 1791 2635 1830 non

402 1864 590 1923 solum
633 1863 823 1922 libera
870 1868 999 1922 erat
1038 1861 1454 1937 jurisdictione
1496 1859 1703 1939 papali
1746 1879 1932 1937 eaque
1978 1859 2051 1918 de
2098 1879 2272 1918 causa
2318 1861 2637 1937 respuebat

405 1971 632 2010 errores
675 1971 968 2024 romanos,
1014 1955 1348 2010 sanctorum
1397 1955 1457 2008 et
1502 1949 1884 2025 reliquiarum
1929 1949 2177 2022 cultum,
2224 1949 2475 2008 honores
2519 1949 2634 2008 vir·

405 2040 651 2116 ginitati
695 2039 958 2112 habitos,
1007 2039 1473 2099 communionem
1515 2039 1626 2098 sub
1671 2059 1816 2112 una,
1864 2037 1983 2096 alia
2028 2039 2242 2112 multa,
2290 2038 2393 2098 sed
2438 2037 2634 2112 etiam,

407 2128 563 2205 quod
610 2131 800 2204 majus
847 2133 965 2202 est,
1013 2148 1214 2188 omnes
1259 2129 1432 2204 hujus
1479 2128 1757 2188 ecclesiae
1802 2127 2167 2201 sacerdotes,
2222 2148 2394 2205 pares
2440 2127 2633 2204 digni-

403 2223 528 2277 tate
545 2261 559 2290 ,
614 2217 898 2277 uxoribus
942 2238 1060 2277 non
1106 2223 1401 2290 carenteS,
1463 2216 1950 2292 Justificationem
1997 2237 2069 2276 ex
2113 2216 2228 2276 fide
2278 2222 2340 2276 et
2385 2237 2632 2294 evange-

403 2307 580 2366 licam
625 2305 867 2366 vivendi
910 2307 1200 2366 rationem
1246 2307 1532 2385 populum
1577 2307 1887 2365 docebant.
1953 2339 2028 2348 —
2093 2306 2371 2366 Profecto
2416 2306 2634 2382 gaudio

401 2403 556 2456 esset
586 2395 758 2454 nobis
791 2396 1158 2474 evangelicis,
1207 2396 1258 2455 si
1288 2415 1382 2454 res
1421 2396 1509 2456 ita
1539 2415 1665 2455 sese
1696 2396 1960 2468 haberet,
2007 2395 2109 2456 sed
2149 2430 2223 2440 —-
2260 2395 2409 2473 proh
2442 2395 2637 2454 dolor!

399 2490 634 2546 tantum
697 2487 899 2559 abest,
967 2491 1034 2544 ut
1091 2486 1234 2544 haec
1278 2484 1538 2544 Ebrardi
1599 2485 1897 2544 sententia
1940 2483 2194 2544 veritate
2241 2484 2499 2557 nitatur,
2566 2489 2637 2544 ut

401 2577 526 2634 fere
573 2575 798 2648 omnia,
870 2595 1021 2652 quae
1068 2576 1320 2654 profert,
1381 2574 1529 2632 falsa
1576 2574 1711 2632 sint.
1805 2572 1979 2646 Quod
2024 2573 2170 2632 satis
2215 2573 2529 2651 apparebit
2572 2573 2635 2631 in

407 2664 508 2737 eis,
557 2684 706 2740 quae
752 2670 1094 2741 sequuntur,
1144 2664 1256 2723 etsi
1301 2663 1594 2742 permulta
1610 2707 1624 2735 ,
1673 2682 1824 2739 quae
1869 2668 2075 2722 contra
2119 2662 2455 2722 Ebrardum
2502 2683 2635 2722 con-

409 2753 756 2833 scripseram
773 2798 788 2827 ,
849 2753 1010 2832 typis
1057 2752 1440 2831 exprimenda
1486 2772 1604 2812 non
1655 2772 1777 2811 esse
1825 2751 2053 2826 censui,
2112 2773 2185 2812 ne
2231 2751 2423 2812 virum
2469 2752 2635 2810 illum

408 2849 468 2902 et
527 2842 767 2902 canitiei
819 2848 1164 2902 ornamento
1227 2849 1288 2901 et
1347 2862 1562 2918 magna
1622 2842 1953 2901 studiorum
1999 2841 2287 2901 varietate
2349 2848 2409 2900 et
2466 2841 2636 2920 copia

398 2932 705 3008 juventuti
735 2952 898 2991 meae
930 2932 1244 2992 admodum
1274 2932 1689 3005 venerabilem,
1737 2932 1869 3010 plus
1917 2951 2092 3008 quam
2138 2933 2257 2990 fert
2301 2931 2636 3004 necessitas,

405 3041 645 3099 cogerer
687 3022 1045 3100 vituperare.
1139 3021 1257 3080 Sed
1303 3021 1376 3080 de
1420 3021 1656 3080 nomine
1704 3020 2060 3080 Culdeorum
2116 3041 2305 3100 pauca
2358 3019 2635 3099 praemit-

405 3118 528 3170 tere
567 3115 760 3187 juvat.

582 3200 820 3274 Culdei,
867 3220 1116 3277 quorum
1163 3220 1376 3259 nomen
1419 3196 1610 3272 XImi,
1658 3195 1886 3273 XIImi,
1934 3195 2171 3256 ΧΙΠἘ1111
2226 3199 2444 3257 saeculi
2488 3203 2634 3258 tem·

405 3289 644 3367 poribus
690 3289 1029 3367 saepissime
1077 3289 1332 3348 occurrit
1377 3289 1438 3347 in
1469 3289 1766 3347 Hibernia
1813 3295 1871 3348 et
1904 3287 2121 3360 Scotia,
2166 3293 2311 3346 tunc
2355 3287 2637 3366 temporis

405 3386 574 3439 erant
634 3379 832 3438 clerici
892 3379 1225 3456 regulares,
1296 3376 1580 3437 simillimi
1642 3377 1937 3437 canonicis
1984 3376 2205 3452 (Skene
2248 3376 2334 3452 II,
2382 3399 2438 3456 p.
2489 3379 2635 3452 277,

407 3467 533 3529 356
582 3489 710 3547 sqq.
735 3469 759 3505 1
808 3470 879 3527 cf.
926 3469 1132 3528 Braun
1177 3490 1236 3546 p.
1290 3469 1412 3546 19),
1481 3468 1573 3528 vel
1630 3467 1839 3526 saltem
1899 3467 2049 3525 tales
2110 3487 2233 3526 esse
2287 3467 2635 3527 debuerunt.

403 3558 555 3619 Nam
604 3559 763 3638 apud
795 3558 1162 3636 quarundam
1197 3557 1570 3618 ecclesiarum
1602 3555 1858 3616 Ouldeos
1890 3556 2177 3632 (ecclesiis
2206 3557 2360 3615 enim
2393 3558 2636 3635 ascripti

405 3653 578 3707 erant
637 3667 954 3724 earumque
1013 3648 1208 3707 reditu
1225 3691 1239 3719 ,
1322 3648 1418 3709 vel
1480 3647 1723 3707 decimis
1783 3646 2047 3706 fidelium
2107 3646 2202 3706 vel
2262 3646 2637 3724 praediorum

402 3737 712 3811 fructibus,
757 3737 1132 3814 fruebantur)
1163 3736 1475 3815 disciplina
1519 3737 1666 3796 adeo
1714 3737 1970 3814 collapsa
2016 3741 2161 3809 erat,
2207 3742 2293 3809 ut,
2338 3757 2413 3796 ne
2445 3736 2634 3796 dicam

405 3826 478 3884 de
523 3826 672 3900 aliie,
719 3826 898 3886 etiam
942 3827 1178 3905 publice
1225 3826 1288 3883 in
1333 3826 1725 3886 matrimoniis
1770 3826 1864 3886 vel
1911 3846 2041 3885 cum
2088 3824 2429 3885 concubinis
2474 3826 2634 3886 vive-

405 3922 540 3974 rent
585 3914 808 3992 (Skene
853 3916 938 3991 H,
985 3938 1043 3995 p.
1093 3916 1218 3975 356
1269 3919 1396 3993 sq.).
1488 3917 1622 3976 Hac
1668 3916 1799 3995 ipsa
1846 3916 1918 3975 de
1966 3935 2141 3975 causa
2188 3914 2455 3993 oppressi
2500 3921 2637 3973 sunt

590 4091 610 4122 ¹
651 4090 836 4144 Skene
873 4089 952 4155 H,
1009 4109 1064 4160 p.
1106 4090 1236 4144 359:
1300 4089 1452 4156 „1⁷7oe
1489 4089 1823 4159 community
1857 4089 1926 4157 of
1955 4089 2039 4143 the
2076 4089 2293 4144 Guldees
2328 4103 2439 4140 was
2474 4085 2635 4156 origi-

406 4161 558 4232 nally
593 4179 629 4216 a
665 4161 850 4232 colleqe
886 4161 954 4229 of
981 4162 1188 4216 secular
1225 4161 1414 4231 cleryy,
1453 4161 1568 4216 who
1605 4161 1742 4215 lived
1779 4161 2010 4230 together
2045 4161 2155 4214 and
2190 4157 2475 4212 submitte-d
2513 4159 2565 4212 to
2602 4175 2638 4212 a

405 4234 538 4298 rulo,
579 4233 665 4288 the
697 4232 975 4301 principal
1009 4233 1364 4300 requirement
1399 4235 1470 4303 of
1496 4231 1667 4286 which
1700 4248 1811 4286 was
1848 4249 1884 4286 a
1921 4248 2161 4286 common
2186 4229 2357 4283 table“
2384 4259 2449 4268 —-
2476 4229 2637 4300 „they

405 4321 540 4431 :gere
575 4305 865 4431 azaloqouls
903 4305 954 4358 to
991 4304 1199 4358 secular
1235 4309 1490 4360 canone.“
1563 4303 1759 4358 Reeves
1804 4319 1875 4358 on
1921 4302 2007 4356 the
2043 4300 2257 4356 ancient
2291 4299 2543 4355 churches
2579 4301 2647 4370 of

457 4393 613 4448 rmay
675 4393 738 4446 p.
777 4379 820 4430 2
859 4415 872 4428 .
