3259 5084
1539 249 1971 306 ...10-

633 424 927 486 communi
969 425 1230 486 omnnium
1271 423 1529 509 judicio,
1593 435 1657 486 ut
1701 425 2093 488 sanctissimae
2126 424 2385 508 paschae
2412 424 2704 509 festivitas
2747 447 2864 487 uno

633 515 940 598 eodemque
983 515 1078 576 die
1123 515 1516 578 celebreratur.

811 605 1122 666 Accedunt
1166 605 1390 666 Hilarii
1433 606 1804 666 Pictavensis
1850 606 2034 665 verba
2078 606 2321 665 haecce.
2388 602 2769 666 dilectissimis
2812 615 2865 667 et

631 692 971 754 beatissimis
1013 693 1310 778 fratribus
1353 703 1406 757 et
1450 695 1799 778 coepiscopis
1850 693 2187 796 provinciae
2234 688 2587 756 Germaniae
2634 693 2865 775 primae

728 793 842 845 ‚et
876 783 1323 864 provinciaram
1365 781 1827 845 Baitanmkzram
1871 781 2155 864 episcqiis
2200 779 2509 844 Hihrius:
2544 819 2627 830 -—
2660 829 2865 844 .....

627 828 957 953 qiu-tulatus
999 893 1134 934 sum
1179 917 1194 932 .
1226 917 1240 932 .
1274 919 1287 932 .
1333 894 1434 935 vos
1478 883 1530 934 et
1571 871 1800 935 alaesos
1844 873 1921 932 ab
1966 871 2128 934 omni
2182 871 2442 954 contaqio
2502 872 2868 934 detestandae

631 959 926 1022 haerescos
957 961 1280 1043 perstitisse
1324 964 1422 1040 (de
1467 964 1737 1042 synodis,
1784 963 2117 1040 Prolegom.
2164 969 2242 1022 et.
2288 963 2323 1041 ξ
2372 964 2428 1021 2.
2476 983 2570 1065 οΡ.
2618 963 2709 1022 ed.
2754 963 2867 1024 Be·

632 1052 761 1113 ned.
809 1052 859 1110 Ι.
904 1075 964 1131 p.
1017 1054 1184 1111 1149
1234 1061 1295 1112 et
1346 1055 1542 1130 1151)
1603 1060 1665 1113 et
1724 1051 2045 1112 Athanasii
2104 1052 2180 1111 ad
2230 1052 2471 1112 Jovian.
2526 1053 2667 1131 imp.
2714 1055 2864 1130 (syn.

629 1163 719 1219 ep.
775 1162 889 1200 ecc.
946 1141 1121 1200 Alex.
1179 1163 1233 1200 a.
1287 1143 1440 1202 dom.
1497 1145 1624 1202 303
1682 1163 1775 1220 οΡ.
1832 1142 1921 1201 6(1.
1974 1142 2163 1202 Paris.
2210 1141 2263 1213 I,
2316 1163 2374 1220 p.
2423 1142 2577 1216 781)
2623 1142 2864 1202 haecce:

729 1227 941 1290 .Ιιαηο
963 1223 1158 1314 fidem
1204 1241 1408 1314 patres
1451 1231 1554 1314 qui
1596 1228 1859 1292 Nicaeae
1912 1239 2289 1291 convenerunt
2344 1230 2631 1313 confessos
2673 1229 2868 1313 flasse

630 1340 866 1401 eamque
909 1319 1191 1403 saffrayio
1237 1341 1342 1382 suo
1386 1319 1763 1402 comprobare
1806 1319 2104 1381 universas
2146 1319 2317 1381 totius
2377 1319 2532 1381 orbis
2584 1317 2863 1393 ecclesias,

629 1428 836 1488 nempe
867 1405 1215 1492 Hispaniae,
1263 1407 1635 1483 Britanniae,
1672 1405 1908 1472 Galliae
1936 1419 1991 1472 et
2021 1455 2035 1468 .
2067 1455 2082 1469 .
2115 1454 2130 1468 .
2193 1411 2425 1485 Quibus
2469 1417 2708 1488 patrum
2739 1410 2864 1470 illo·

629 1519 761 1558 rum
806 1500 1285 1574 orthodoxorum,
1333 1508 1542 1579 utpote
1589 1501 1693 1578 qui
1738 1521 1934 1560 rerum
1976 1499 2456 1559 Britannicarum
2505 1519 2623 1558 non
2669 1500 2865 1578 ignari

629 1589 874 1662 fuerint,
931 1591 1128 1658 verbis
1175 1590 1490 1650 maximam
1535 1589 1712 1648 fidem
1758 1590 2195 1666 adjungendam
2242 1609 2367 1648 esse
2412 1589 2549 1648 inde
2594 1595 2863 1668 apparet,

629 1679 788 1755 quod
833 1685 986 1738 teste
1033 1680 1165 1758 ipso
1211 1679 1544 1739 Athanasio
1591 1699 1748 1738 anno
1784 1679 1907 1737 347
1944 1678 2189 1738 concilio
2232 1677 2567 1738 Sardicensi
2613 1679 2717 1754 (H.
2749 1679 2868 1738 and

630 1767 720 1830 St.
769 1769 819 1826 Ι.
867 1789 924 1846 p.
974 1769 1039 1844 8)
1087 1775 1148 1828 et
1192 1775 1345 1830 teste
1391 1767 1657 1846 Sulpicio
1706 1767 1925 1827 Severo
1972 1787 2127 1826 anno
2174 1767 2300 1826 359
2348 1767 2593 1826 concilio
2639 1765 2863 1827 Arimi·

629 1857 797 1916 nensi
843 1857 948 1934 (H.
980 1857 1098 1917 and
1130 1857 1218 1917 St.
1249 1858 1303 1931 Ι,
1335 1880 1392 1936 p.
1428 1860 1494 1936 9)
1539 1857 1813 1916 nonnulli
1857 1856 2171 1916 Britonum
2218 1857 2481 1935 episcopi
2527 1857 2865 1916 adfuerunt.

629 1947 792 2023 Ergo
823 1947 1192 2024 temporibus
1222 1948 1542 2006 Athanasii
1589 1947 1833 2006 ecclesia
1879 1946 2193 2005 Britonum
2240 1967 2275 2005 a
2323 1945 2726 2006 communione
2774 1967 2863 2006 ec·-

629 2035 838 2095 clesiae
883 2036 1206 2095 catholicae
1252 2056 1441 2114 neque
1485 2036 1601 2094 fide
1650 2055 1839 2113 neque
1886 2035 2147 2094 moribus
2190 2035 2595 2097 dissentiebat.
2656 2035 2867 2096 Gildas

629 2125 817 2202 igitur
863 2124 1024 2197 (hist.
1057 2127 1092 2202 ξ
1130 2127 1228 2184 12.
1276 2147 1332 2204 p.
1372 2127 1494 2202 19),
1545 2145 1719 2202 quem
1768 2125 1935 2183 Beda
1979 2124 2249 2202 sequitur
2292 2124 2456 2201 (11.6.
2496 2127 2551 2196 1,
2586 2125 2627 2182 8
2668 2127 2702 2203 ξ
2737 2127 2864 2202 22),

631 2234 762 2272 cum
792 2213 938 2272 dicit
969 2213 1259 2272 Arianam
1304 2214 1610 2292 perfidiam
1658 2213 2053 2273 transmarina
2094 2220 2429 2273 vomentem
2474 2234 2704 2273 venena
2746 2216 2863 2274 fra-

629 2311 752 2362 tres
794 2302 1002 2363 fecisse
1049 2304 1295 2380 sejungi,
1343 2304 1578 2363 videtur
1617 2325 1743 2363 rem
1775 2303 1975 2364 verbis
2004 2303 2235 2362 auxisse
2267 2304 2365 2379 (cf.
2396 2302 2616 2380 Bright
2645 2324 2701 2382 p.
2742 2305 2863 2382 12).

805 2392 1062 2470 Pelagiii
1105 2399 1304 2452 autem
1349 2393 1657 2453 doctrinae
1705 2393 1809 2470 qui
1853 2394 2140 2465 faverent,
2187 2393 2387 2469 paullo
2434 2399 2573 2471 post
2612 2393 2675 2452 in
2728 2392 2861 2452 Bri-

629 2482 834 2540 tannia
877 2483 1058 2541 fuisse
1103 2483 1430 2561 permultos
1475 2482 1897 2562 suspicandum
1944 2487 2035 2541 est
2078 2501 2195 2540 non
2240 2487 2363 2540 tam
2412 2481 2554 2558 quia
2582 2483 2867 2560 Pelagius

627 2571 866 2631 natione
911 2578 1042 2632 erat
1085 2571 1258 2632 Brito
1289 2608 1378 2618 -——
1408 2593 1544 2632 nam
1592 2594 1711 2632 non
1756 2573 1819 2632 in
1865 2571 2065 2649 patria
2108 2591 2213 2630 sua
2242 2570 2551 2649 Pelagium
2599 2572 2865 2632 docuisse

629 2667 863 2720 constat
909 2697 990 2708 —-
1041 2683 1216 2739 quam
1263 2684 1337 2721 ex
1380 2662 1667 2741 Prosperi
1712 2662 1785 2720 (16
1832 2660 2009 2720 misso
2058 2659 2355 2720 Germano
2415 2661 2643 2734 verbis,
2712 2681 2865 2739 quae

628 2751 991 2828 Agricolam,
1037 2751 1441 2828 Pelagianum,
1487 2751 1811 2824 Savariam,
1860 2751 2124 2829 episcopi
2168 2750 2494 2827 Pelagiani,
2540 2751 2729 2809 filium
2776 2772 2864 2810 ec-

633 2841 840 2899 clesias
868 2838 1218 2898 Britanniae
1265 2841 1559 2916 dogmatis
1605 2842 1697 2900 sui
1742 2839 2142 2898 insinuatione
2190 2840 2519 2917 corrupisse
2564 2846 2867 2902 testantur

629 2929 852 3003 (chron.
887 2949 937 2987 a.
971 2927 1123 2987 dom.
1173 2930 1298 2986 429
1349 2949 1442 3007 οΡ.
1475 2929 1526 3004 Ι,
1563 2931 1710 2988 401.
1759 2928 1960 2988 schol]
1992 2950 2051 3006 p.
2088 2930 2199 3005 26)
2245 2928 2499 3004 denique
2545 2949 2617 2987 ex
2662 2929 2865 2989 libello

627 3019 750 3090 illo,
787 3037 958 3095 quem
989 3017 1197 3076 iisdem
1227 3020 1352 3077 fere
1382 3019 1749 3096 temporibus
1780 3017 2100 3091 Fastidius,
2132 3017 2372 3076 natione
2403 3016 2575 3076 Brito
2606 3024 2865 3079 testante

631 3107 958 3179 GennadiO,
1005 3107 1368 3185 Pelagianus
1413 3115 1567 3168 teste
1611 3109 1743 3186 ipso
1788 3107 2007 3179 libello,
2055 3107 2129 3164 de
2174 3107 2299 3168 vita
2346 3107 2667 3166 christiana
2711 3127 2863 3168 com·

629 3197 828 3274 posuit
874 3197 1098 3273 (Migne
1145 3195 1312 3256 Patr.
1361 3197 1463 3257 lat.
1513 3197 1614 3269 50,
1665 3199 1702 3255 2
1751 3218 1808 3276 Ρ.
1858 3197 1985 3256 383
2033 3216 2163 3274 sqq.
2224 3198 2295 3255 cf.
2343 3197 2757 3274 Wagenmann
2802 3198 2863 3257 in

631 3285 1054 3363 Herzog-Plitt
1081 3285 1159 3347 R.
1191 3286 1263 3345 Ε.
1296 3286 1433 3346 Art.
1466 3286 1812 3364 Fastidius).
1887 3286 2065 3346 Hanc
2110 3285 2340 3364 Pelagii
2385 3287 2675 3346 haeresim
2712 3287 2863 3347 Ger·

627 3396 836 3434 manus
897 3374 1126 3434 duobus
1186 3375 1498 3436 itineribus
1553 3377 1881 3436 eradicasse
1926 3375 2147 3435 dicitur
2193 3375 2323 3450 (vit.
2370 3375 2573 3434 Germ.
2620 3377 2699 3436 H.
2744 3377 2864 3436 and

630 3465 716 3524 St.
765 3464 815 3537 I,
861 3485 918 3542 p.
973 3467 1049 3522 16
1099 3485 1184 3540 sq.
1241 3467 1317 3523 18
1367 3468 1496 3543 sq.)‚
1560 3465 1893 3542 Prosperus
1948 3469 2144 3524 autem
2200 3465 2275 3524 de
2323 3464 2658 3524 Coelestino
2703 3487 2863 3544 papa

629 3553 990 3612 Germanum
1051 3554 1324 3614 mittente
1382 3576 1500 3614 non
1561 3556 1737 3633 plura
1793 3574 1971 3630 quam
2026 3553 2173 3614 dum
2218 3549 2587 3625 Romanam,
2648 3555 2862 3632 inquit,

627 3639 879 3702 insulam
923 3642 1157 3702 studet
1199 3663 1430 3703 servare
1474 3640 1816 3702 catholicam
1862 3645 2072 3717 (contr.
2106 3643 2252 3702 0011.
2288 3643 2366 3700 21
2420 3663 2496 3721 οΡ
2530 3643 2596 3717 .Ι,
2642 3666 2700 3722 Ρ.
2739 3645 2859 3702 197

628 3733 706 3790 H.
755 3731 872 3789 and
919 3731 1006 3792 St.
1053 3732 1104 3804 Ι,
1151 3753 1207 3810 p.
1261 3734 1384 3810 16),
1431 3733 1633 3808 itaque
1680 3731 1923 3791 dubium
1982 3740 2101 3806 est,
2170 3751 2309 3790 num
2370 3731 2538 3791 brevi
2598 3740 2865 3812 tempore

629 3822 938 3881 evanuerit
969 3823 1030 3881 in
1062 3821 1380 3881 Britannia
1421 3822 1679 3880 haeresis
1709 3821 2054 3898 Pelagiana.
2145 3821 2263 3881 Sed
2308 3822 2573 3899 profecto
2620 3822 2865 3881 dubium

629 3930 745 3969 non
793 3917 884 3970 est
900 3956 912 3984 ,
963 3911 1104 3989 quin
1159 3945 1232 3956 --
1287 3911 1544 3982 omissiS,
1611 3931 1763 3988 quae
1810 3910 1882 3970 de
1928 3910 2199 3970 doctrina
2242 3909 2475 3986 Pelagii
2521 3931 2863 3970 commemo-

629 4001 888 4060 ravimus
936 4007 998 4059 et
1037 4003 1172 4076 jure
1219 3999 1448 4059 omissis
1495 4021 1632 4058 nam
1678 4020 1863 4078 paene
1910 4005 2099 4059 totam
2146 3999 2305 4057 illius
2351 4000 2635 4078 temporis
2682 4001 2862 4061 eccle-

629 4091 775 4150 siam
824 4091 1088 4150 docuisse
1138 4095 1370 4150 constat
1417 4089 1525 4148 tali
1569 4089 1801 4149 ratione
1818 4135 1832 4163 ,
1881 4109 2034 4166 quae
2078 4087 2310 4166 Pelagii
2356 4087 2658 4149 doctrinae
2704 4090 2862 4150 simi-

627 4180 742 4238 lior
785 4181 965 4238 fuerit
1010 4200 1188 4256 quam
1236 4178 1564 4256 Augustini
1610 4214 1699 4224 —
1742 4178 2058 4238 Britonum
2106 4177 2349 4237 ecclesia
2363 4222 2377 4251 ,
2440 4180 2636 4256 quoad
2680 4180 2862 4259 impc-

628 4269 779 4326 rium
825 4268 1158 4328 Romanum
1203 4269 1267 4327 in
1312 4267 1633 4328 Britannia
1678 4266 1989 4328 constabat
2032 4267 2071 4325 i.
2118 4287 2166 4326 e.
2212 4289 2249 4326 a
2293 4267 2633 4345 primordiis
2678 4288 2864 4347 usque

631 4358 707 4417 ad
753 4378 971 4418 annum
1021 4359 1254 4418 circiter
1302 4357 1430 4416 450
1477 4359 1653 4438 plane
1698 4357 2029 4418 orthodoxa
2074 4356 2155 4416 sit
2199 4358 2487 4417 habenda.
