3259 5084
1278 270 1759 325 -117—

402 448 583 507 fuisse
642 446 985 506 Eckhartus
1046 446 1275 504 censuit
1328 445 1607 522 (Francia
1671 446 1976 503 orientalis
2022 444 2082 517 Ι,
2142 466 2200 522 p.
2249 446 2422 521 270),
2480 451 2636 505 teste

402 538 528 597 vita
574 535 908 595 Andomari
958 538 1015 608 7,
1060 536 1217 595 Mab.
1263 534 1365 609 H,
1410 556 1546 594 ann.
1598 538 1744 609 667,
1789 556 1848 613 p.
1897 535 2022 592 562
2071 554 2190 592 non
2235 536 2298 591 in
2342 534 2636 594 Hibernia

402 626 507 686 sed
555 626 617 683 in
677 624 916 703 regione
974 624 1421 684 Constantiensi
1473 632 1651 683 natus
1707 633 1852 684 erat.
1943 622 2322 699 Arbogastus
2382 622 2636 699 denique

404 724 462 775 et
518 714 885 788 Florentius,
940 713 1483 791 Argentoratenses
1538 714 1799 792 episcopi
1847 712 2208 789 (Harttung,
2270 734 2328 791 p.
2377 714 2457 770 26
2473 756 2486 785 ,
2534 712 2636 782 sed

404 804 541 866 vide
584 804 729 863 illud
776 800 1051 862 vielleicht
1098 825 1156 881 p.
1192 802 1302 879 32)
1343 802 1466 875 ,nisi
1510 804 1668 881 apud
1721 801 2066 881 posterioris
2119 802 2402 879 temporis
2454 801 2636 881 scrip·

401 901 561 953 tores
608 892 752 969 (vid.
798 892 1095 969 Rettberg
1139 891 1224 965 II,
1270 914 1329 970 p.
1380 892 1461 950 63
1510 895 1664 969 sqq.)
1712 890 1878 951 Scoti
1932 910 2050 949 non
2106 891 2514 963 nominantur,
2577 895 2638 950 et

402 1002 553 1060 quae
614 982 697 1041 sit
754 982 1149 1059 posteriorum
1221 981 1283 1039 in
1351 981 1461 1040 hac
1524 1002 1589 1040 re
1649 982 1976 1040 auctoritas
2037 986 2286 1057 apparet
2347 1001 2419 1037 ex
2481 976 2638 1038 vitae

403 1070 823 1148 Chrodegangi
869 1073 1042 1145 (saec.
1087 1070 1207 1129 IX.
1253 1070 1551 1147 Rettberg
1597 1070 1649 1143 Ι,
1696 1092 1752 1147 p.
1801 1070 1958 1147 493)
2004 1069 2189 1127 hisce:
2237 1064 2635 1149 Bonifatium,

402 1159 505 1241 qui
544 1168 596 1219 et
653 1155 987 1241 Winfi'idus
1030 1158 1238 1230 dicum,
1284 1178 1356 1219 ex
1385 1156 1678 1219 Hibernia
1722 1157 2033 1228 vmientmn
2063 1158 2400 1233 (Eckhart,-
2422 1157 2638 1216 Franc.

404 1249 611 1309 orient.
644 1245 697 1323 I,
743 1270 802 1327 p.
839 1250 1010 1327 920).
1071 1247 1191 1308 Sed
1236 1248 1389 1307 hanc
1432 1269 1558 1307 rem
1606 1249 1650 1307 ii
1695 1248 2039 1323 dijudicent,
2088 1247 2191 1324 qui
2237 1246 2452 1320 omnia,
2485 1266 2636 1324 quae

402 1345 657 1411 exstant,
704 1339 1069 1397 saeculorum
1100 1337 1211 1411 VI,
1242 1337 1390 1411 VH,
1434 1336 1599 1397 VIII
1645 1338 1986 1398 testimonia
2029 1337 2298 1395 funditus
2335 1336 2637 1407 noverint3

403 1434 581 1501 cert0,
630 1428 679 1487 si
729 1428 831 1504 qui
876 1428 1119 1486 fuerunt
1165 1426 1425 1505 episcopi
1481 1427 1850 1505 parochiales
1897 1426 1970 1484 de
2026 1425 2264 1484 natione
2311 1424 2638 1497 Scotorum,

400 1516 685 1595 perpauci
728 1504 986 1575 fuerunt.

580 1605 785 1682 Neque
846 1626 1125 1683 magnum
1184 1604 1365 1664 fuisse
1431 1606 1643 1682 opinor
1712 1623 2020 1661 numerum
2081 1622 2312 1675 eorum,
2384 1604 2487 1677 qui
2541 1602 2641 1660 vel

401 1694 687 1764 >abbatum
732 1714 979 1753 munera
1024 1695 1343 1753 subeuntes
1390 1694 1483 1753 vel
1538 1692 1956 1751 monachorum
2004 1691 2251 1767 collegio
2295 1690 2642 1749 accedentes

397 1784 465 1841 in
510 1783 885 1843 monasteriis
947 1783 1259 1842 stabiles
1319 1782 1485 1840 sedes
1540 1780 1658 1839 sibi
1704 1781 2066 1857 delegerunt.
2159 1778 2278 1838 Sed
2322 1780 2416 1837 vel
2464 1779 2640 1855 pauci

404 1872 833 1931 ecclesiasticae
864 1871 1213 1948 disciplinae
1242 1870 1505 1947 periculo
1537 1877 1724 1941 erant,
1772 1868 2128 1945 simulatque
2173 1868 2494 1945 episcopali
2534 1886 2640 1926 sua

406 1961 705 2035 dignitate
734 1964 974 2035 praeter
998 1962 1096 2034 jus
1126 1960 1468 2017 utebantur.
1516 1959 1658 2019 Non
1690 1958 1929 2017 omnino
1961 1959 2116 2017 enim
2146 1957 2639 2034 impediebantur,

408 2046 719 2123 quominus
740 2047 1107 2106 -muneribus
1154 2047 1589 2125 episcopalibus
1633 2049 2041 2125 fungerentur.
2131 2047 2286 2108 Nam
2345 2052 2415 2105 ut
2459 2066 2640 2124 supra

400 2138 526 2211 jam
591 2136 1171 2201 commemoravimus
1219 2139 1303 2213 (p.
1355 2137 1463 2213 65)
1522 2136 1822 2199 nonnullis
1883 2136 1946 2194 in
2006 2135 2206 2195 Gallia
2265 2134 2640 2195 monasteriis

404 2244 725 2302 eorumque
786 2226 1184 2303 compluribus
1244 2246 1281 2283 a
1340 2225 1535 2287 Scotis
1596 2226 1938 2285 constitutis
1994 2226 2072 2285 ab
2141 2224 2287 2304 ipsis
2346 2224 2640 2303 episcopis

396 2314 839 2391 parochialibus
899 2314 1229 2393 privilegiis
1287 2316 1638 2393 permissum
1699 2322 1854 2389 erat,
1922 2320 1993 2373 ut
2050 2315 2237 2393 ipsius
2295 2312 2641 2373 monasterii

408 2401 674 2481 episcopi
716 2403 1047 2463 ministeria
1093 2405 1477 2483 episcopalia,
1534 2425 1688 2481 quae
1746 2404 1810 2462 in
1853 2403 2212 2461 monasterio
2259 2420 2406 2479 opus
2453 2406 2640 2472 erant,

402 2491 907 2551 administrarent.
967 2494 1101 2552 Hoc
1146 2513 1389 2552 munere
1437 2493 1848 2569 episcoporum
1893 2487 2424 2562 monasterialium,
2471 2492 2640 2565 cujus

404 2580 571 2657 origo
618 2588 821 2639 utrum
867 2601 902 2638 a
950 2579 1145 2639 Scotis
1191 2601 1266 2639 an
1313 2602 1349 2637 a
1395 2578 1587 2639 Gallis
1649 2579 1972 2657 repetenda
2031 2580 2138 2652 sit,
2199 2578 2392 2640 adhuc
2445 2577 2640 2651 hodie,

402 2676 471 2727 ut
518 2668 773 2729 diximus
820 2670 1025 2747 (supra
1070 2690 1127 2745 p.
1180 2670 1305 2745 67),
1353 2689 1470 2726 non
1520 2668 1664 2727 satis
1711 2668 2082 2747 exploratum
2129 2674 2237 2741 est,
2283 2675 2446 2727 certo
2492 2673 2636 2726 tem·

401 2757 648 2837 poribus
713 2758 933 2817 saeculi
979 2756 1109 2817 VII
1162 2764 1225 2817 et
1268 2757 1436 2817 VIII
1497 2764 1560 2816 et
1603 2757 1704 2815 IX
1767 2758 2005 2835 saepius
2063 2758 2126 2815 in
2185 2754 2386 2815 Gallia
2452 2756 2643 2815 functi

402 2852 543 2906 sunt
586 2845 753 2907 Seoti
799 2846 1249 2925 peregrinantes
1296 2848 1392 2923 (cf.
1440 2841 1716 2923 Loenin'g
1760 2845 1847 2919 II,
1893 2866 1950 2925 p.
2001 2846 2128 2904 445
2177 2853 2302 2905 not.
2351 2846 2406 2917 4,
2453 2845 2639 2917 Hart-

402 2944 568 3013 tung,
615 2956 673 3013 p.
722 2936 1029 3013 32-47).
1102 2935 1277 2995 Tales
1324 2935 1629 3014 episcopos
1675 2936 1913 2994 omnino
1960 2936 2152 2995 bonae
2197 2935 2477 2995 ecclesiae
2523 2935 2653 2994 dis-¹

398 3025 660 3103 ciplinae
706 3024 1064 3085 detrimento
1110 3046 1229 3083 non
1276 3046 1403 3084 esse
1465 3044 1584 3083 non
1647 3025 1952 3103 potuisses
1988 3024 2356 3103 Harttungio
2404 3027 2486 3101 (p.
2537 3024 2639 3096 34,

402 3115 475 3171 cf.
524 3133 701 3192 supra
734 3115 859 3190 65)
916 3133 1036 3172 non
1094 3114 1434 3186 concedam,
1498 3114 1601 3172 sed
1662 3134 1802 3189 quo¹
1838 3114 2031 3171 minus
2095 3113 2458 3190 compositus
2511 3118 2640 3170 erat

403 3208 543 3261 ante
588 3201 961 3261 Bonifatium
1008 3204 1285 3262 ecclesiae
1330 3201 1647 3261 Gallorum
1703 3208 1925 3276 status,
1979 3222 2054 3259 eo
2113 3198 2302 3278 magis
2349 3202 2641 3279 episcopis

401 3290 520 3349 illis
568 3290 1012 3367 subjiciebatur,
1058 3298 1129 3350 ut
1174 3291 1503 3368 privilegiis
1548 3291 1670 3349 illis
1717 3292 2028 3350 abutentes
2075 3291 2254 3350 etiam
2301 3284 2470 3349 eitra
2499 3307 2636 3348 -mo-

400 3380 663 3439 nasteria
708 3378 1039 3439 ministeria
1084 3379 1445 3458 episcopalia
1492 3379 1866 3452 exhiberent,
1917 3380 2075 3457 quod
2120 3400 2262 3438 non·
2283 3380 2410 3439 sine
2457 3379 2636 3438 detri-

368 3472 599 3528 'mento
646 3467 1075 3529 ecclesiasticae
1123 3468 1473 3547 disciplinae
1526 3468 1657 3527 fieri
1718 3468 1988 3545 potuisse
2025 3470 2250 3547 liquet.
2341 3467 2460 3528 Sed
2507 3464 2638 3527 cuni

397 3558 557 3629 haud
600 3557 785 3619 dubie
827 3559 1007 3637 pauci
1031 3576 1041 3586 >·
1052 3566 1251 3618 essent
1296 3565 1359 3617 et
1404 3557 1585 3618 certis
1640 3557 1880 3617 sedibus
1937 3558 2288 3617 habitarent
2348 3558 2410 3616 in
2457 3558 2640 3617 oculis

398 3666 529 3705 eum
574 3648 835 3707 omnium
881 3647 1184 3707 hominum
1230 3654 1359 3706 tum
1406 3647 1670 3725 ipsorum
1713 3647 2157 3725 episcoporum,
2215 3652 2376 3707 certo
2425 3646 2638 3705 tolera-

397 3736 545 3795 biles
592 3742 779 3795 erant.

569 3824 869 3883 Permulti
926 3830 1127 3883 autem
1184 3824 1228 3881 ii
1258 3850 1261 3857 ·
1286 3826 1547 3905 episcopi
1603 3833 1667 3886 et
1700 3826 2047 3903 presbyteri
2093 3826 2166 3884 de
2211 3822 2452 3884 natione
2499 3824 2637 3884 Sco·

396 3919 611 3986 torum,
660 3913 765 3990 qui
809 3934 971 3972 more
1015 3913 1523 3991 peregrinantium
1568 3921 1765 3973 terras
1809 3922 2201 3993 peragrantes
2227 3914 2404 3973 modo
2435 3913 2498 3972 in
2529 3914 2640 3973 hoo

396 4001 579 4061 modo·
614 4002 679 4060 in
722 4002 825 4061 illo
872 4002 1232 4062 monasterio
1260 4003 1688 4077 ·versabantur,
1733 4004 1797 4062 in
1841 4022 2122 4081 magnum
2168 4003 2492 4081 periculum
2537 4000 2639 4060 ad-

396 4092 693 4151 ducebant
747 4091 1199 4151 ec‘clesiasticam
1247 4090 1640 4169 disciplinam.
1734 4093 2091 4170 Quanquam
2137 4092 2294 4150 enim
2339 4092 2640 4149 nonnullis

396 4180 767 4239 monasteriis
814 4180 1032 4239 licebat
1076 4180 1153 4237 ad
1184 4180 1654 4239 administranda
1683 4180 2016 4241 ministeria
2049 4180 2407 4257 episcopalia
2439 4200 2640 4255 quem·

396 4270 546 4349 libet
570 4269 767 4329 accire
799 4269 1141 4351 episcopum
1167 4271 1263 4345 (cf.
1288 4270 1601 4347 Harttung
1630 4291 1690 4347 p.
1717 4270 1818 4327 29.
1864 4270 2140 4345 Loening
2163 4268 2250 4341 Π,
2274 4290 2334 4346 p.
2356 4268 2485 4330 383
2505 4271 2638 4345 sq.),

394 4365 596 4423 tamen
612 4394 647 4435 ,;
698 4357 931 4421 etiamsi
993 4358 1349 4438 peragendis
1414 4358 1752 4433 hujusmodi
1813 4357 2156 4417 ministeriis
2221 4356 2311 4416 illi
2374 4356 2640 4417 contenti
