3259 5084
1228 275 1374 286 ...„
1475 221 1736 298 27*-

397 426 561 486 terea
607 419 894 480 diuturna
923 418 1161 495 jejunia
1209 417 1709 478 consecrationem
1744 419 2019 479 videntur
2049 418 2435 497 praecessisse
2469 419 2637 496 (ibid.

395 531 454 588 p.
489 508 616 585 75).
694 508 1107 566 Eucharistiae
1155 514 1352 568 autem
1399 507 1783 589 celebrandae
1830 508 1983 568 ritus
2015 507 2172 585 apud
2202 506 2481 569 Britones
2510 529 2635 578 eos·

397 599 530 658 dem
575 598 770 671 fuisse,
820 597 923 674 qui
968 597 1129 675 apud
1159 595 1364 656 Gallos
1411 601 1580 656 erant
1624 632 1704 642 -—
1739 597 1913 656 facile
1960 596 2289 656 affirmatur
2334 598 2437 658 sed
2482 597 2635 656 diffi-

397 687 566 747 cilius
613 707 804 764 neque
850 687 977 745 sine
1017 685 1378 746 verbositate
1427 685 1759 746 accuratius
1792 687 2099 764 explanari
2128 691 2345 764 potest.
2421 686 2638 764 Itaque

397 777 474 836 ad
519 775 820 835 Warrenii
864 775 1084 834 librum
1133 777 1214 854 (p.
1267 774 1348 842 75
1397 779 1552 852 sqq.)
1599 776 1849 834 lectores
1896 776 2120 852 delego.

574 866 742 924 Haec
787 871 954 938 sunt,
1015 885 1167 941 quae
1215 864 1308 922 de'
1334 864 1542 941 priscis
1587 865 1705 924 illis
1750 865 2039 938 moribus,
2098 865 2313 943 quibus
2357 864 2637 930 Britones

397 954 673 1014 abdicare
719 954 1026 1027 nolebant,
1089 953 1260 1016 nobis
1307 959 1450 1013 nota
1497 959 1650 1012 sunt.
1740 955 2042 1026 Profecto,
2105 954 2478 1032 praesertim.
2505 974 2635 1012 cum

396 1043 772 1120 Augustinus
818 1043 1014 1102 omnia
1069 1048 1308 1120 praeter
1363 1043 1859 1120 computationem
1910 1043 2385 1123 festi'paschalis
2432 1049 2493 1102 et
2536 1063 2635 1120 pe-

400 1132 679 1192 culiarem
739 1132 1087 1210 baptizandi
1133 1153 1356 1190 morem
1401 1151 1464 1190 se
1511 1133 1903 1192 toleraturum
1949 1152 2076 1192 esse
2120 1131 2421 1210 pollicitus
2468 1137 2637 1204 esset,

396 1223 610 1280 idonea
655 1242 774 1280 non
819 1221 1088 1294 fuissent,
1135 1241 1286 1298 quae
1331 1225 1561 1280 tantam
1608 1229 1669 1280 et
1698 1227 1823 1280 tam
1856 1221 2145 1288 diutinam
2179 1221 2640 1280 controversiam

397 1312 556 1370 inter
586 1311 866 1369 Britones
913 1317 974 1370 et
1007 1313 1237 1388 Anglos
1283 1310 1601 1383 concirent,
1650 1311 1765 1370 nisi
1812 1311 2151 1370 accessisset
2196 1310 2638 1370 acerbissimum

396 1399 714 1458 Britonum
759 1401 822 1458 in
855 1399 1116 1460 Saxones
1165 1399 1390 1472 odium3
1437 1400 1703 1476 profecto
1753 1399 2007 1476 celerius,
2047 1399 2289 1458 ecclesia
2321 1399 2637 1460 Britonum

400 1495 458 1546 et
505 1489 749 1548 ecclesia
782 1487 1314 1566 Anglo·Saxonum
1360 1489 1423 1546 in
1467 1509 1647 1546 unum
1698 1508 1911 1567 corpus
1958 1488 2329 1561 coaluissent,
2375 1489 2492 1548 nisi
2520 1509 2641 1546 una

397 1599 543 1654 gens
605 1579 679 1636 ab
741 1579 930 1637 altera
989 1578 1202 1655 gentili
1261 1578 1396 1636 odio
1441 1577 1655 1638 fuisset
1700 1581 1983 1653 sejuncta.
2074 1578 2255 1638 Nulla
2302 1577 2457 1636 enim
2504 1577 2638 1636 Bri-

397 1665 638 1726 tonibus
671 1687 802 1725 cum
826 1665 1052 1744 Anglo·
1057 1665 1391 1726 Saxonibus
1424 1672 1552 1726 erat
1585 1667 1965 1727 consuetudo.
2010 1666 2201 1724 Immo
2233 1672 2437 1726 tantae
2472 1671 2641 1726 erant

398 1756 554 1816 inter
571 1762 883 1832 utramque
903 1762 1141 1832 gentem
1159 1759 1402 1834 ejusque
1419 1755 1693 1830 ecclesias
1711 1755 2072 1828 inimicitiae,
2092 1763 2161 1814 ut
2171 1754 2344 1814 Bnto
2352 1776 2449 1814 nes
2446 1755 2640 1840 fidem

397 1841 842 1926 reliyz’onemque
871 1841 1206 1925 Anylorum
1237 1864 1359 1925 pro
1404 1841 1584 1903 nihilo
1623 1842 1895 1906 haberent
1922 1863 2103 1926 neque
2132 1843 2195 1904 in
2224 1841 2421 1926 aliquo
2452 1843 2641 1925 mayis

395 1933 466 1993 iis
508 1932 994 1997 communicarent
1025 1953 1204 2014 qaam
1231 1931 1489 2015 payanis
1521 1931 1713 2009 (Beda
1744 1934 1801 1992 h.
1835 1954 1881 1991 e.
1917 1935 1973 2006 2,
2010 1935 2091 1991 20
2128 1933 2163 2010 ἓ
2204 1933 2373 2010 147),
2404 1938 2471 1992 ut
2503 1954 2550 1991 e
2584 1955 2641 2010 g.

397 2019 784 2082 Demetarum
828 2021 1148 2082 sacerdotes
1193 2041 1296 2082 nec
1327 2020 1390 2081 in
1419 2019 1653 2084 ecclesia
1682 2042 1817 2082 cum
1847 2018 2058 2102 Anqlis
2090 2021 2423 2082 orationum
2453 2020 2641 2105 officia

398 2109 683 2172 celebrare
741 2130 844 2170 nec
904 2110 988 2172 ad
1046 2131 1308 2172 mensam
1371 2109 1634 2170 ciborum
1676 2109 1915 2194 fercula
1958 2130 2083 2191 pro
2138 2109 2395 2171 caritatis
2444 2109 2642 2192 9ratia

388 2199 616 2282 pariter
652 2199 954 2282 percipere
999 2199 1396 2280 diqnarentur,
1445 2199 1586 2282 quin
1629 2199 1789 2260 inmo
1812 2198 2161 2284 fraymema
2189 2198 2563 2282 ferculorum
2592 2209 2643 2260 et

397 2287 676 2371 reliquias
723 2287 1032 2372 epularum
1081 2287 1388 2349 lurconum
1419 2309 1632 2349 canum
1660 2288 1897 2349 rictibus
1929 2297 1980 2348 et
2008 2287 2328 2350 immundis
2359 2289 2641 2350 devoran-

399 2378 509 2440 das
555 2377 761 2459 porcis
807 2375 1192 2460 projicerent,
1251 2377 1490 2440 vascula
1549 2398 1772 2461 quoque
1818 2387 1870 2438 et
1893 2375 2141 2462 fialae.
2241 2423 2253 2436 .
2298 2423 2310 2436 .
2360 2376 2642 2438 cineribus

399 2466 696 2548 eapianda
737 2467 1179 2548 puryandaque
1212 2467 1654 2547 praecipere—im
1714 2475 1765 2528 et
1810 2465 1863 2526 si
1906 2464 2136 2548 quilibet
2182 2466 2253 2526 de
2300 2463 2515 2546 Anylis
2561 2465 2643 2526 ad

399 2576 494 2616 eos
535 2553 841 2618 habitandi
883 2577 1060 2615 causa
1093 2555 1516 2635 perrexissent,
1571 2576 1687 2616 non-
1719 2554 1897 2635 prius
1942 2555 2027 2614 ad
2072 2554 2423 2618 consortium
2468 2554 2639 2616 soda-

397 2643 573 2706 litatis
604 2664 742 2704 suae
771 2643 1090 2704 adsciscere
1120 2643 1518 2725 diynarentur,
1563 2664 1745 2724 quam
1772 2642 2168 2725 quadrayinta
2198 2643 2425 2704 dierum
2448 2643 2643 2724 spatia

397 2735 462 2799 in
477 2732 830 2814 poenitendo
849 2753 1138 2814 perayere
1169 2729 1647 2814 compellerentur
1678 2731 2007 2810 (Aldhelmi
2040 2754 2129 2812 ep.
2164 2731 2255 2792 ad.
2290 2731 2429 2792 Ger.
2460 2734 2507 2794 J
2508 2733 2639 2807 affe,

399 2824 689 2884 Biblioth.
736 2844 849 2883 rer.
899 2821 1098 2882 Germ.
1142 2823 1251 2882 III
1296 2844 1387 2900 ep.
1441 2825 1469 2880 1
1523 2844 1580 2901 p.
1632 2823 1715 2880 28
1762 2830 1825 2883 et
1874 2825 2000 2901 29).

578 2913 706 2972 Soli
751 2912 1246 2991 septentrionales
1293 2911 1597 2986 Britones‚
1648 2912 1750 2990 qui
1794 2911 2055 2972 Romani
2099 2911 2452 2972 dicebantur
2498 2911 2642 2988 (vid.

400 3023 578 3077 supra
625 3022 680 3077 p.
737 3003 840 3078 13)
905 3001 1094 3061 minus
1160 3002 1358 3062 infesti
1425 3007 1596 3060 erant
1642 3001 1876 3080 Anglis.
1969 3001 2161 3060 Iidem
2223 3022 2331 3079 per
2390 2996 2643 3076 triginta

403 3109 586 3146 annos
625 3088 1248 3164 Nordanhymb'rorum
1286 3091 1620 3167 Anglorum
1669 3091 1917 3168 imperio
1965 3091 2217 3166 subjecti
2264 3096 2434 3150 erant
2481 3093 2641 3165 (ann.

405 3175 751 3234 657—685
801 3179 872 3234 cf.
905 3176 1100 3237 Skene
1147 3179 1198 3251 I,
1245 3199 1302 3256 p.
1339 3180 1492 3255 267)
1541 3186 1602 3238 et
1645 3199 1767 3238 una
1812 3199 1945 3238 cum
1974 3177 2191 3255 Anglis
2224 3177 2642 3250 Cudbercturn,

401 3265 790 3324 clarissimum
852 3265 1016 3324 illum
1076 3266 1354 3325 abbatem
1418 3273 1478 3324 et
1537 3274 1747 3344 postea
1807 3267 2176 3345 episcopum,
2236 3257 2341 3343 qui
2402 3267 2643 3326 natione

400 3354 705 3414 Hibernus
754 3353 974 3430 (Skene
1007 3353 1092 3426 II,
1138 3374 1195 3431 p.
1230 3355 1384 3431 205)
1431 3361 1633 3413 tamen
1663 3355 2068 3415 Romanorum
2114 3356 2375 3416 moribus
2422 3357 2643 3434 optime

403 3443 706 3522 cupiebat,
763 3447 888 3520 jam
950 3443 1150 3504 vivum
1209 3449 1478 3502 sanctum
1538 3464 1727 3521 paene
1787 3446 2229 3504 venerabantur
2287 3443 2509 3521 (Skene
2555 3445 2643 3520 II,

399 3555 456 3610 p.
507 3534 632 3592 206
683 3535 852 3610 sqq.).
943 3533 1142 3606 Unde,
1190 3539 1262 3592 ut
1305 3533 1540 3612 opinor,
1602 3534 1825 3594 factum
1874 3539 1991 3608 est,
2051 3539 2120 3593 ut
2163 3534 2251 3607 hi,
2300 3555 2641 3612 quanquam

397 3643 552 3682 anno
603 3623 727 3681 685
776 3623 1112 3682 libertatem
1160 3629 1675 3700 recuperaverant,
1722 3629 1922 3684 tamen
1967 3623 2165 3702 paullo
2211 3629 2348 3702 post
2392 3632 2642 3684 mortem

399 3711 722 3772 Cudbercti
763 3713 832 3789 (†
866 3713 1017 3788 687)
1052 3712 1230 3790 primi
1273 3713 1534 3770 omnium
1561 3712 1877 3772 Britonum
1912 3713 2261 3772 admonente
2285 3711 2643 3774 Adamnano

397 3802 614 3861 abbate
679 3801 913 3860 Hiiensi
968 3800 1160 3876 (Beda
1213 3803 1268 3862 h.
1327 3822 1375 3859 e.
1427 3801 1482 3874 5,
1537 3801 1614 3860 15
1664 3803 1699 3880 ξ
1747 3801 1902 3878 402)
1958 3801 2366 3862 Romanorum
2424 3803 2645 3880 pascha

397 3890 554 3948 ultro
616 3890 952 3968 reciperent
1013 3892 1295 3967 (quonam
1351 3911 1505 3950 anno
1551 3891 1663 3950 hoc
1708 3892 1931 3951 factum
1978 3890 2081 3964 sit,
2143 3891 2441 3970 discrepat
2486 3892 2645 3950 inter

399 3978 747 4055 scriptores:
805 3975 1174 4059 ,2probably“
1225 3979 1352 4036 704
1403 3979 1482 4037 H.
1531 3981 1650 4038 and
1698 3980 1783 4040 St.
1828 3979 1917 4054 II,
1970 3981 1999 4038 1
2051 3978 2109 4058 p.
2160 3981 2197 4038 3
2248 3986 2309 4039 et
2357 3982 2429 4054 63
2480 3979 2641 4038 688:

398 4067 592 4126 Skene
624 4067 711 4139 II,
758 4088 816 4144 p.
852 4069 976 4125 219
1005 4069 1099 4126 ..cf.
1145 4068 1346 4143 infra).
1420 4067 1573 4127 Inde
1606 4069 1879 4130 Sedulius
1911 4068 2256 4150 „epi-§eqous
2286 4066 2644 4127 Britanniae

397 4155 470 4214 de
519 4173 724 4236 yenere
770 4153 1141 4226 Scotoram“,
1203 4157 1304 4232 qui
1365 4171 1518 4214 anno
1579 4159 1702 4215 721
1765 4159 2010 4217 concilio
2068 4179 2102 4216 a
2148 4156 2440 4234 Gregorio
2485 4177 2643 4234 papa

398 4245 460 4303 in
505 4246 652 4304 urbe
683 4243 876 4302 Roma
920 4245 1126 4304 habito
1172 4246 1446 4306 interfuit
1493 4245 1596 4322 (H.
1645 4247 1760 4306 and
1794 4245 1883 4306 St.
1921 4247 2007 4322 II,
2062 4247 2090 4302 1
2144 4266 2201 4322 p.
2238 4247 2318 4325 7),
2364 4264 2484 4303 non
2516 4245 2664 4308 sine‘
