3259 5084
1540 238 1980 297 4³88—-

647 416 995 476 Theodorus
1016 409 1499 495 'archiepiscopus
1538 418 1667 475 tum
1695 406 2165 489 Berchtwaldus,
2212 412 2338 492 ejus
2384 438 2695 492 successor,
2727 408 2880 477 Wil-

646 506 869 565 fridum
900 511 1327 565 accusaverunt
1349 505 1527 582 (Edd.
1558 504 1666 564 vit.
1689 504 1890 563 Wilfr.
1920 504 2164 579 XLIX,
2193 523 2252 583 p.
2285 506 2440 580 ‘7083
2481 506 2590 578 LI,
2621 525 2679 587 p.
2707 510 2878 585 711).

648 594 877 671 Neque,
925 594 1036 653 etsi
1080 594 1421 672 Stephanus
1464 593 1695 653 Eddius
1749 594 1938 653 iratus
1995 588 2411 654 commemorat
2457 601 2518 654 et
2562 594 2876 672 ngridum

646 698 846 761 regem
894 688 953 741 et
997 690 1205 761 postea
1236 682 1541 742 Alfi-'idum
1590 682 1748 742 sedis
1788 683 2148 766 apostolicae
2191 683 2414 760 judicia
2461 684 2881 763 contempsisse

646 772 775 848 (vit.
824 756 1021 830 W'ilfr.
1066 771 1363 845 XXXII,
1409 793 1469 850 p.
1518 770 1643 831 696
1693 776 1754 831 et
1797 772 1930 845 LV,
1991 772 2271 850 p.714)‚
2325 772 2389 831 111
2435 774 2666 832 occulto
2711 774 2878 847 latet,

651 868 773 920 non
819 861 1259 941 contemptione
1304 861 1460 920 sedis
1506 860 1864 938 apostolicae
1910 861 2014 919 sed
2057 860 2196 919 odio
2228 860 2516 920 wilfridi
2537 880 2708 938 reges
2753 880 2880 921 esse

646 955 985 1009 commotoS.
1074 950 1273 1027 Hujus
1318 949 1443 1009 odii
1488 962 1642 1027 quae
1685 950 1908 1009 fuerint
1953 968 2190 1022 causae,
2236 970 2428 1027 neque
2473 950 2642 1009 Beda
2685 969 2882 1027 neque

645 1030 984 1116 Stephanus
1030 1038 1261 1098 Eddius
1322 1038 1615 1116 expressis
1661 1039 1861 1098 verbis
1904 1046 2325 1112 narraverunt,
2387 1045 2585 1098 tamen
2632 1040 2878 1098 dubium

643 1134 761 1186 no'n
809 1134 914 1200 est,
964 1127 1106 1203 quin
1152 1128 1448 1187 discordia
1506 1128 1609 1187 illa
1670 1127 1826 1186 inter
1871 1126 2246 1187 Theodorum
2293 1134 2354 1187 et
2398 1128 2878 1189 Berchtwaldum

646 1216 1116 1294 archiepiscopos
1163 1222 1222 1274 et
1262 1216 1606 1275 wilfridum
1650 1216 1790 1274 inde
1837 1220 1971 1275 orta
2017 1216 2111 1289 s'it,
2159 1216 2318 1293 quod
2347 1214 2696 1277 Theodorus
2728 1218 2880 1275 Wil-

644 1304 787 1363 fridi
832 1304 1173 1384 parochiam
1218 1306 1399 1363 nimia
1443 1305 1854 1381 magnitudine
1911 1305 2202 1382 insignem
2256 1306 2318 1365 in
2375 1312 2632 1383 quatuor
2675 1314 2878 1384 partes

644 1393 930 1452 diviserat
975 1394 1073 1469 (cf.
1119 1394 1273 1453 Edd.
1318 1395 1425 1453 vit.
1473 1393 1689 1453 Wilfr-
1715 1392 1931 1467 XXX,
1977 1416 2036 1473 p.
2087 1395 2267 1471 694),
2321 1395 2477 1453 sicut
2521 1395 2877 1454 Met-ciorum

646 1498 879 1559 quoque
939 1482 1307 1560 provinciam
1324 1526 1339 1556 ,
1400 1489 1469 1542 ut
1528 1484 1809 1543 ecclesiae
1871 1480 2092 1543 st‘atum
2153 1482 2460 1543 ordinaret
2475 1528 2490 1557 ,
2553 1484 2615 1541 in
2678 1485 2878 1563 plures

650 1570 943 1629 dioeceses
1002 1570 1314 1641 diviserat,
1376 1578 1437 1631 et
1497 1572 1657 1649 quod
1703 1572 2016 1631 wilfridus
2073 1578 2133 1631 et
2180 1571 2476 1631 Theodori
2523 1579 2586 1632 et
2628 1573 2877 1632 Bercht·

642 1659 822 1718 waldi
866 1663 929 1718 et
982 1658 1168 1736 ipsius
1223 1660 1458 1737 synodi·
1486 1661 1550 1718 in
1594 1660 1914 1719 Britannia
1968 1660 2041 1719 de
2095 1661 2205 1719 hac
2259 1680 2324 1719 re
2370 1662 2610 1721 habitae
2649 1662 2878 1737 judicia

644 1755 1080 1825 contempserat
1126 1748 1303 1824 (Edd.
1350 1749 1456 1808 vit.
1503 1749 1703 1808 Wilfr.
1749 1750 1838 1824 In,
1883 1770 1942 1827 p.
1991 1750 2164 1827 709).
2254 1750 2464 1827 Neque
2499 1768 2650 1833 quae
2695 1750 2876 1811 fuerit

641 1836 883 1915 ngridi
926 1837 1083 1916 regis
1128 1838 1190 1896 in
1222 1838 1566 1896 Wsssridum
1613 1838 1736 1897 odii
1783 1858 1974 1912 causa,
2019 1838 2306 1917 suspicari
2337 1840 2662 1917 nequimus.
2721 1840 2874 1899 Nam

640 1926 771 1984 luce
823 1925 1039 1985 'clarius
1094 1933 1187 1986 est
1232 1925 1652 2004 Aediltrydam
1705 1928 1998 2005 reginam,
2057 1946 2233 2004 quam
2280 1928 2449 1987 Beda
2502 1929 2564 1987 in
2619 1933 2880 2006 utroque

640 2013 1019 2073 matrimonio
1052 2048 1135 2059 --
1167 2015 1261 2073 bi's
1307 2016 1463 2074 enim
1524 2023 1836 2095 nupserat,
1900 2016 2088 2092 priori
2145 2016 2274 2075 viro
2336 2016 2596 2097 principi
2643 2016 2876 2077 cuidam

580 2158 589 2173 ,
644 2100 1041 2174 Tondbercto,
1090 2104 1263 2161 alteri
1304 2104 1558 2180 ngrido
1597 2138 1674 2149 --·
1709 2105 2002 2182 virginem
2056 2105 2340 2165 mansisse
2385 2106 2650 2184 prodidit
2697 2106 2779 2181 (h.
2825 2126 2880 2165 ea

643 2192 701 2262 4,
754 2191 853 2263 19,
900 2192 935 2269 ἓ
984 2192 1155 2267 309),
1202 2192 1453 2269 ngrido
1499 2212 1708 2252 revera
1753 2193 2022 2272 copulari
2066 2213 2182 2251 non
2229 2184 2585 2273 repudiasse,
2633 2195 2684 2253 si
2725 2195 2880 2252 Wil-

639 2278 845 2352 fridus,
894 2282 1062 2362 cujus
1093 2280 1337 2339 consilio
1366 2282 1667 2355 utebatur,
1711 2300 1899 2360 pravo
1931 2282 2022 2341 ini
2050 2282 2416 2360 virginitatis
2447 2282 2633 2341 amori
2666 2282 2879 2343 eodem

639 2368 813 2427 modo
871 2369 1207 2429 obluctatus
1262 2378 1417 2429 esset
1472 2376 1653 2448 atque
1699 2370 1990 2429 Columba
2035 2371 2324 2441 Hiiensis,
2386 2390 2514 2428 cum
2567 2370 2643 2429 de
2691 2371 2876 2429 simili

642 2474 821 2517 causa
874 2458 1172 2533 judicaret
1219 2458 1502 2535 (Adamn.
1548 2459 1655 2519 vit.
1703 2458 1830 2519 001.
1880 2462 1936 2533 2,
1987 2460 2088 2534 75,
2136 2482 2192 2539 p.
2219 2460 2410 2536 224).
2500 2458 2668 2518 Haec
2715 2460 2876 2519 enim

640 2553 779 2606 sunt
822 2545 1023 2605 Bedae
1068 2548 1251 2606 verba
1298 2548 1379 2624 (h.
1420 2568 1475 2607 e.
1524 2549 1583 2621 4,
1622 2550 1719 2623 19,
1759 2550 1796 2627 ᾖ
1831 2550 2012 2627 309):
2045 2556 2336 2629 pompatica
2377 2546 2591 2607 mansit
2633 2546 2874 2629 viryini-

637 2632 773 2695 tati-s
827 2633 1150 2717 inteym‘tate
1186 2634 1449 2717 ylmiosa
1461 2680 1481 2709 ,
1542 2636 1689 2698 sicat
1731 2634 1990 2697 mihimet
2040 2636 2160 2721 ipsi
2211 2634 2538 2707 sciscitanti,
2585 2656 2721 2697 cum
2767 2635 2878 2698 hoc

638 2744 719 2793 an
759 2722 845 2783 ita
888 2733 1028 2785 esset
1070 2724 1419 2807 quibusdam
1462 2726 1701 2787 veni-sset
1743 2726 1805 2786 in
1835 2724 2094 2801 dubium,
2143 2725 2338 2787 beatae
2365 2724 2682 2785 mmor-iae
2725 2722 2872 2785 Wil-

621 2810 833 2897 fridus
879 2811 1179 2893 episcopus
1230 2812 1513 2895 referebat
1556 2814 1755 2876 dicem
1807 2834 1866 2875 sc
1924 2823 2120 2877 testem
2171 2812 2512 2895 imeqmatic
2574 2810 2694 2895 ejus
2753 2832 2872 2873 esse

639 2898 1035 2972 certissimum,
1082 2902 1237 2962 adeo
1274 2911 1345 2962 ut
1383 2899 1678 2985 Eyfn'dus
1711 2902 2084 2985 promiserit,
2148 2922 2208 2963 sc
2261 2903 2314 2963 ei
2355 2912 2540 2963 terras
2582 2915 2651 2960 ac
2679 2919 2862 2979 pecu-

636 2987 768 3049 nias
812 2986 1027 3049 multas
1072 3008 1187 3051 esse
1231 2990 1606 3064 ammius-am,
1656 2990 1710 3052 si
1735 2991 1969 3073 reyinae
2005 3000 2201 3075 posset
2237 2990 2586 3073 persuadere
2629 2984 2746 3069 (ήκω
2777 2986 2868 3047 uti

638 3076 946 3150 οοππυόἰο,
992 3078 1130 3160 quia
1176 3078 1410 3154 sciebat,
1454 3078 1625 3141 illam
1669 3078 1898 3141 nullum
1955 3080 2218 3141 virorum
2266 3077 2403 3161 plus
2453 3075 2548 3139 illo
2605 3074 2868 3157 diligere.

639 3164 1029 3228 Accedebant
1083 3169 1235 3229 aliae
1291 3190 1526 3243 causae,
1584 3191 1736 3248 quae
1791 3190 1959 3259 reges
2007 3176 2214 3229 contra
2260 3168 2601 3229 wilfridum
2647 3166 2870 3225 excita·

636 3261 799 3329 rent,
858 3257 963 3315 sed
1024 3276 1154 3316 cum
1212 3259 1455 3337 longum
1514 3259 1595 3318 sit
1641 3280 1739 3319 eas
1783 3278 2155 3333 enumerare,
2211 3258 2388 3319 liceat
2432 3257 2578 3316 mihi
2620 3256 2877 3317 lectores

636 3344 909 3421 delegare
956 3346 1032 3403 ad
1076 3346 1341 3424 Brightii
1400 3348 1645 3421 librum,
1708 3349 1811 3425 qui
1871 3348 2092 3426 optime
2153 3350 2226 3407 de
2287 3349 2396 3405 hac
2453 3350 2582 3405 tota
2640 3362 2706 3403 re
2753 3344 2872 3403 dis

635 3432 822 3491 seruit
875 3436 958 3511 (p.
1008 3434 1133 3493 280
1163 3513 1165 3516 Ι
1190 3456 1345 3513 sqq.,
1405 3437 1531 3495 367
1588 3458 1718 3515 sqq.
1776 3444 1837 3497 et
1899 3437 2089 3515 alibi).
2193 3436 2392 3497 Unum
2457 3434 2568 3492 hoc
2637 3432 2875 3505 addam,

593 3590 597 3594 .
634 3518 897 3579 Eddium
944 3523 1105 3582 nulla
1148 3544 1212 3583 re
1255 3526 1438 3585 fuisse
1467 3526 1835 3604 impeditum,
1883 3525 2213 3603 quominus,
2259 3526 2310 3586 si
2349 3520 2613 3582 wilfridi
2657 3523 2877 3580 turbae

640 3611 991 3685 conjunctae
1034 3612 1286 3673 fuissent
1332 3634 1462 3673 cum
1519 3619 1722 3673 vetere
1776 3614 1882 3672 illa
1929 3615 2334 3675 controversia
2379 3610 2670 3691 paschali,
2717 3610 2870 3669 Wil-

636 3698 857 3756 fridum
924 3698 1329 3761 introduceret
1397 3702 1880 3779 martyrizantem
1952 3723 2064 3783 ‚pro
2125 3704 2528 3763 Romanorum
2587 3698 2872 3772 moribus,

638 3805 833 3864 neque
876 3788 1001 3846 ulla
1045 3808 1111 3849 re
1156 3790 1337 3851 fuisse
1384 3796 1668 3863 coactum,
1714 3798 1784 3850 ut
1831 3790 2148 3866 Oeaddam,
2195 3790 2288 3850 cui
2333 3790 2535 3869 primo·
2557 3787 2876 3849 wilfridus

636 3875 827 3948 cessit,
872 3894 1102 3937 cervum
1146 3877 1243 3939 dei
1282 3876 1782 3961 reliyiosissimum
1823 3888 1876 3941 et
1920 3877 2332 3943 admirabilem
2362 3878 2656 3939 doctorem
2685 3876 2872 3936 nomi-

634 3972 807 4024 naret
868 3964 1069 4066 (XIV,
1130 3987 1189 4044 p.
1240 3966 1419 4045 685),
1479 4002 1559 4014 —·
1618 3976 1780 4029 certo
1840 3970 1987 4028 illud
2047 3988 2165 4028 non
2227 3968 2520 4027 omisisset
2579 3966 2690 4025 hoc
2751 3986 2872 4025 non

633 4054 895 4126 fecisset,
911 4038 998 4113 ἑῖ
1044 4053 1284 4114 Oeadda
1330 4062 1391 4115 et
1438 4056 1541 4134 qui
1586 4076 1718 4116 cum
1766 4077 1834 4118 eo
1889 4063 2086 4135 erant,
2133 4056 2424 4115 Romanis
2479 4055 2684 4114 infesti
2728 4055 2871 4113 fuis-

634 4148 782 4203 sent.
842 4142 1059 4221 Itaque
1089 4141 1361 4205 Wilfridi
1402 4142 1654 4205 historia
1699 4146 1936 4206 minime
1983 4148 2202 4221 obstat,
2250 4145 2562 4224 quominus
2609 4144 2874 4201 dicamus

632 4231 801 4291 brevi
846 4238 1111 4311 tempore
1159 4241 1219 4295 et
1264 4234 1391 4295 sine
1436 4236 1656 4313 pugnis
1699 4235 1756 4296 N
1758 4236 2326 4312 ordanhymbrorum
2388 4233 2690 4295 ecclesiam
2737 4248 2871 4289 cum

633 4317 908 4379 Romana
951 4321 1015 4379 in
1060 4342 1243 4381 unum
1290 4344 1501 4402 corpus
1548 4325 1850 4384 coaluisse.
