3259 5084
1322 270 1767 325 ...69—

414 452 614 503 tamen
656 439 996 523 relinquitur
1038 462 1141 503 nec
1184 462 1347 504 mem
1386 464 1424 502 a
1455 442 1788 504 carnalibus
1819 444 2026 505 studiis
2055 444 2344 506 alienatur
2372 448 2614 525 (ibid..)

417 530 739 613 aliquando
769 540 953 593 mente
982 541 1176 593 tamen
1192 531 1405 611 patria
1430 529 1776 613 relinquitur
1804 542 1856 593 et
1884 554 2002 594 non
2031 552 2275 617 corpore
2305 538 2387 613 (p.
2413 536 2616 613 472).

415 616 742 701 aliquando
800 629 983 681 mente
1042 630 1095 682 et
1150 638 1393 701 corpore
1434 630 1499 681 ut
1540 630 1676 681 sunt
1719 618 1807 693 hi,
1865 621 2071 703 quibus
2116 622 2363 683 dicitur.-
2421 642 2520 683 vos
2564 580 2669 706 qui

416 705 803 789 dereliquistis
857 708 1057 769 omnia
1095 718 1353 789 propter
1402 730 1496 771 me
1542 718 1642 770 etc.
1703 708 1817 770 Mt.
1867 714 1956 782 19,
2001 714 2100 783 29,
2146 708 2238 771 vel
2279 709 2400 771 Mc.
2451 716 2539 783 10,
2585 716 2662 773 30

422 798 503 873 (Ρ.
539 798 694 874 472)
737 842 750 856 .
793 841 806 856 .
851 795 919 857 hi
967 806 1099 857 sant
1152 797 1278 858 veri
1320 798 1650 879 pereqrini,
1715 797 1821 881 qui
1871 819 2006 859 cum
2052 798 2368 879 psalmista
2412 810 2664 881 possunt

414 883 636 945 dicere:
688 884 941 946 Advena
970 907 1116 947 eum
1160 886 1327 967 apud
1370 896 1446 959 te,
1492 886 1754 959 domine,
1802 896 1854 947 et
1891 887 2235 968 peremimus
2279 888 2425 948 sicat
2469 908 2664 949 omnes

406 982 617 1053 patres
660 973 791 1034 mei.
858 972 1209 1036 Multitudee
1254 974 1325 1058 of
1346 971 1437 1035 the
1450 971 1708 1058 faithful
1733 985 1992 1037 servants
2023 974 2098 1056 of
2114 973 2206 1036 the
2235 972 2431 1048 Loret,
2478 997 2662 1037 more-

413 1081 571 1135 ever,
618 1060 752 1123 both
798 1062 871 1145 of
904 1060 993 1125 tlte
1038 1060 1157 1125 Old
1192 1064 1317 1124 and
1345 1058 1503 1123 New
1542 1062 1603 1123 Τ
1594 1072 1870 1124 estament
1907 1062 2052 1124 have
2069 1062 2360 1166 perfeetly
2389 1063 2664 1127 observed

412 1146 533 1210 this
564 1130 877 1235 profitalile
923 1150 1155 1213 coumel
1199 1155 1282 1231 (p.
1331 1153 1503 1230 473).

598 1237 1089 1321 Pereqrinat'aemw
1126 1240 1199 1301 de
1227 1238 1427 1301 Scotia
1458 1239 1778 1323 enaviqavit
1807 1249 1868 1302 et
1895 1242 2026 1320 ipse
2057 1242 2346 1301 Columba
2378 1238 2660 1318 (Adamn.

428 1330 481 1402 1,
536 1331 633 1402 11,
681 1351 739 1406 p.
788 1331 961 1406 202).
1050 1330 1215 1407 Ergo
1268 1331 1692 1390 monasterium
1735 1330 1986 1389 Hiiense
2038 1331 2315 1407 primitus
2359 1344 2542 1389 unum
2589 1352 2662 1390 ex

416 1417 493 1476 iis
538 1424 686 1491 erat,
734 1439 884 1495 quae
930 1420 1379 1497 peregrinorum
1408 1419 1766 1479 monasteria
1793 1423 1929 1495 jure
1959 1418 2424 1493 nominarentur,
2468 1440 2660 1495 neque

420 1512 628 1584 postea
687 1508 975 1584 gliscente
1028 1508 1372 1567 monasterii
1428 1508 1784 1580 auctoritate
1830 1508 1972 1567 talis
2017 1508 2362 1567 monasterii
2407 1509 2662 1586 speciem

418 1595 657 1655 videtur
702 1596 1005 1672 abjecisse.
1102 1620 1107 1624 ·

597 1684 694 1743 En
740 1685 923 1744 habes
966 1686 1145 1745 aliam
1192 1704 1445 1757 causam,
1493 1705 1609 1760 qua
1656 1685 1879 1742 factum
1921 1691 2028 1757 est,
2073 1690 2154 1757 ut·
2174 1685 2361 1743 abbas
2391 1684 2660 1743 Hiiensis

418 1774 801 1850 presbyterus
862 1794 983 1831 non
1044 1773 1354 1851 episcopus
1408 1792 1535 1831 esse
1581 1773 1815 1831 soleret.
1905 1772 2183 1850 Apparet
2228 1772 2436 1845 etiam,
2483 1793 2662 1848 quam

418 1880 669 1937 pravum
732 1861 811 1920 sit
868 1882 943 1919 ex
1001 1861 1360 1921 monasterio
1415 1860 1653 1919 Hiiensi
1715 1861 2030 1919 aestimare
2091 1861 2288 1919 omnia
2332 1860 2662 1919 Hiberniae

419 1948 795 2007 monasteria.

598 2035 832 2109 Restat,
878 2042 947 2095 ut
990 2038 1304 2114 proferam,
1353 2057 1504 2113 quae
1550 2037 1742 2113 ipsam
1787 2037 2208 2095 monachorum
2235 2037 2424 2097 vitam
2456 2038 2660 2095 adum-

420 2124 599 2183 brcnt
628 2159 716 2169 -—
746 2146 816 2183 ac
862 2125 1101 2201 quidem
1132 2125 1487 2200 Hiiensium,
1533 2146 1670 2184 nam
1717 2127 1790 2184 de
1836 2126 1968 2184 aliis
2005 2125 2090 2183 nil
2124 2131 2371 2199 constat,
2420 2125 2662 2185 dubium

420 2232 563 2271 vero
610 2232 729 2271 non
774 2220 883 2286 est,
932 2214 1075 2290 quin
1120 2214 1183 2273 in
1230 2214 1304 2274 iis
1341 2214 1672 2273 Hiberniae
1719 2214 2112 2286 monasteriis,
2159 2235 2312 2290 quae
2357 2214 2550 2273 medio
2597 2216 2662 2273 in

418 2301 641 2377 populo
689 2302 1015 2361 constituta
1061 2309 1249 2375 erant,
1295 2303 1716 2362 monachorum
1761 2302 1889 2362 vita
1935 2303 2168 2362 diversa
2211 2303 2395 2361 fuerit
2440 2304 2515 2361 ab
2547 2303 2660 2361 Hi·

416 2388 684 2447 iensium.
776 2389 893 2449 Sed
957 2411 1089 2449 cum
1151 2392 1225 2449 de
1283 2392 1409 2451 vita
1466 2392 1886 2451 monachorum
1932 2391 2443 2468 peregrinantium
2488 2390 2661 2463 infra,

414 2478 521 2536 ubi
576 2478 650 2536 de
697 2477 989 2538 Columba
1034 2480 1400 2539 Luxoviensi
1454 2486 1694 2555 agetur,
1756 2481 1930 2556 plura
1987 2478 2104 2536 dici
2148 2478 2405 2554 possint,
2468 2477 2555 2536 ibi
2601 2484 2662 2537 et

416 2566 727 2625 verbosius
780 2586 905 2625 rem
961 2567 1269 2644 explicabo
1317 2575 1380 2625 et
1424 2566 1688 2625 Ebrardi
1734 2566 2032 2625 erroribus
2079 2566 2372 2624 diluendis
2418 2585 2658 2643 operam

414 2650 599 2727 dabo,
663 2655 775 2711 hoc
827 2655 954 2713 loco
1009 2656 1214 2731 paucis
1259 2676 1385 2713 rem
1430 2656 1733 2714 absolvam
1781 2659 1842 2713 et
1888 2675 1958 2712 ca
2003 2654 2128 2713 sola
2175 2655 2658 2727 commemorabO,

412 2762 571 2818 quae
618 2742 821 2817 aliqua
864 2743 939 2801 de
986 2763 1163 2803 causa
1208 2743 1525 2820 conspicua
1570 2763 1696 2802 esse
1742 2742 2072 2802 videntur}
2147 2742 2417 2801 Primum
2461 2748 2660 2802 autem

417 2832 973 2890 commemoratione
1018 2831 1279 2909 dignum·
1311 2837 1417 2905 est,
1464 2831 1623 2907 quod
1668 2831 1739 2904 ii,
1797 2832 1902 2909 qui
1947 2832 2366 2891 monachorum
2412 2831 2660 2908 collegio

417 2920 695 2979 accedere
743 2920 1095 2998 cupiebant,
1156 2940 1279 2979 non
1329 2920 1654 2999 praemisso
1701 2941 1855 2979 anno
1900 2920 2272 2999 probationis
2318 2920 2522 2980 statim
2569 2940 2660 2978 re·

417 3008 809 3086 cipiebantur,
856 3009 1217 3086 simulatque
1248 3010 1311 3068 in
1342 3009 1587 3068 ecclesia
1598 3006 1782 3091 flemis
1807 3006 2046 3089 qenibus
2073 3016 2270 3068 votum
2299 3004 2662 3068 monachiale

416 3105 691 3156 voverant
744 3096 1028 3172 (Adamn.
1082 3099 1189 3157 vit.
1246 3097 1373 3157 Col.
1424 3099 1479 3170 1,
1537 3100 1651 3171 27,
1703 3120 1762 3175 p.
1821 3098 1994 3174 207).
2085 3096 2272 3173 Cujus
2325 3096 2455 3155 voti
2509 3115 2660 3173 quae

416 3184 599 3243 fuerit
644 3184 753 3257 vis,
800 3186 903 3243 vix
948 3186 1223 3262 cognosci
1267 3192 1483 3264 potest.
1558 3186 1714 3247 Nam
1761 3206 1893 3245 cum
1924 3185 2129 3244 liceret
2161 3184 2462 3243 monachis
2491 3204 2660 3261 pere·

417 3272 796 3350 grinantibus
864 3294 1084 3350 paucos
1152 3280 1389 3333 tantum
1456 3294 1684 3333 menses
1754 3273 2102 3332 commorari
2167 3272 2233 3330 in
2300 3272 2659 3332 monasterio

418 3360 702 3437 (Adamn.
750 3362 856 3421 vit.
906 3360 1032 3420 Col.
1086 3363 1141 3435 1,
1189 3362 1293 3435 87,
1339 3383 1397 3440 p.
1446 3362 1601 3437 229)
1650 3366 1712 3419 et
1754 3361 1900 3439 ipsis
1943 3361 2019 3419 iis
2065 3360 2393 3434 monachis,
2448 3362 2554 3438 qui
2598 3362 2659 3420 in

416 3450 777 3510 monasterio
826 3451 1061 3510 educati
1108 3456 1293 3525 erant,
1330 3448 1696 3530 permittente
1739 3447 1944 3509 abbate
1988 3450 2094 3525 (ib.
2148 3451 2202 3523 1,
2255 3451 2352 3524 10,
2398 3472 2456 3529 p.
2506 3452 2660 3526 202)

417 3539 789 3618 peregrinari
832 3539 895 3598 in
942 3540 1089 3599 alias
1132 3539 1433 3617 regiones,
1481 3544 1640 3598 certe
1685 3558 1795 3617 per
1838 3538 2109 3598 fraudem
2153 3538 2286 3597 fieri
2329 3540 2546 3618 potuit,
2592 3544 2662 3597 ut

418 3628 633 3704 aliquis
665 3649 738 3686 ex
768 3629 1068 3687 monachis
1106 3636 1513 3703 „reverteretur
1544 3626 1629 3687 ad
1657 3624 1986 3687 saeculum“
2027 3628 2132 3703 (ib.
2170 3629 2224 3700 l,
2258 3629 2362 3700 20,
2393 3650 2452 3706 Ρ.
2487 3627 2660 3704 205).

416 3716 655 3777 Nemini
711 3737 851 3777 vero
912 3717 1131 3776 licebat
1176 3717 1478 3776 discedere
1524 3716 1714 3776 invito
1760 3717 1996 3775 abbate.
2087 3716 2288 3793 Hujus
2335 3716 2659 3775 auctoritas

418 3805 577 3881 apud
621 3805 908 3864 familiam
955 3826 1123 3865 suam
1168 3806 1207 3863 i.
1250 3826 1299 3863 e.
1346 3805 1506 3883 apud
1551 3805 1868 3865 monachos
1914 3825 2068 3877 suos,
2114 3824 2260 3881 quos
2305 3805 2520 3864 fratres
2566 3805 2659 3864 vel

415 3890 569 3950 filios
623 3893 719 3951 vel
773 3893 985 3953 filiolos
1032 3894 1379 3973 appellabat
1425 3892 1730 3974 (nfamilia
1777 3890 2126 3954 Columbae“
2182 3893 2412 3952 Tirech.
2459 3897 2658 3952 annot.

566 4066 586 4096 ¹
626 4064 849 4118 Tacebo
889 4066 961 4119 de
997 4067 1194 4133 regula
1232 4064 1540 4119 Columbae
1576 4066 1872 4120 hibernico
1911 4082 2169 4120 sermone
2205 4064 2526 4131 conscripta
2553 4062 2652 4130 (H.

414 4136 531 4190 and
570 4134 652 4191 St.
692 4134 777 4201 ΙΙ,
820 4138 847 4189 1
888 4153 944 4203 p.
986 4137 1133 4204 119),
1175 4154 1343 4205 quam
1380 4153 1563 4205 neque
1602 4154 1635 4189 a
1675 4136 1952 4191 Columba
1990 4138 2259 4204 scriptam
2297 4150 2417 4187 esse
2455 4150 2654 4203 neque,

419 4209 635 4276 quippe
673 4223 816 4275 quae
856 4207 927 4260 de
966 4206 1084 4260 vita
1111 4209 1473 4261 eremitarum
1500 4210 1647 4277 agat,
1687 4208 1762 4260 ad
1787 4208 2230 4262 adumbrandam
2256 4204 2658 4258 monachorum

418 4278 957 4417 {ita1n12q1uicqpan30
973 4278 1246 4332 momenti
1284 4278 1503 4342 afferre,
1543 4278 1905 4331 manifestum
1944 4281 2031 4331 est
2071 4275 2165 4344 (cf.
2193 4274 2270 4327 H.
2313 4276 2424 4329 and
2461 4274 2546 4330 St.
2574 4275 2653 4342 Π,

488 4368 525 4418 p
726 4366 799 4403 no
882 4366 914 4401 a
