3259 5084
1275 248 1711 306 ..47-

373 429 673 503 putarent.
766 426 934 500 Quae
991 446 1124 484 cum
1177 425 1264 486 ita
1318 424 1462 497 sint,
1523 426 1777 485 fortasse
1833 425 2041 484 melius
2097 426 2169 484 de
2226 424 2318 484 his
2362 424 2615 484 Patricii

373 515 610 592 scriptis
661 514 920 588 judicari
973 514 1223 591 poterit,
1286 513 1334 571 si
1391 511 1606 590 Angli,
1670 514 1774 590 qui
1818 535 1944 572 rem
1993 517 2119 589 jam
2166 513 2430 590 aggressi
2476 520 2616 574 sunt

373 599 742 677 (Facsimiles
789 599 862 683 of
893 599 1158 662 national
1187 597 1375 666 MSS.
1409 600 1483 682 of
1515 599 1765 662 Ireland
1810 603 1897 663 ed.
1929 603 2009 678 by
2041 602 2297 675 Gilbert,
2344 637 2419 646 -
2469 623 2614 679 quos

373 693 556 750 libros
603 691 852 769 adipisci
898 712 1016 749 non
1061 691 1276 768 potui),
1324 692 1396 749 de
1442 691 1586 769 ipsis
1625 692 1825 752 verbis
1872 698 1933 751 et
1979 693 2051 750 de
2098 692 2397 751 codicibus
2443 693 2615 769 plura

373 780 712 853 attulerint3
759 779 863 844 sed
909 779 1026 838 nisi
1070 781 1225 838 forte
1265 781 1618 840 vetustiores
1667 780 1897 839 codices
1942 781 2337 858 reperiuntur,
2384 781 2613 853 dubito,

373 890 568 930 annon
617 869 856 928 omnino
902 890 997 928 res
1045 868 1362 943 dijudicari
1406 869 1612 946 possit

555 958 686 1031 Qua
734 958 806 1016 de
853 977 1030 1016 causa
1075 957 1331 1033 benigne
1385 957 1614 1032 judicet
1662 957 1929 1034 quisquis
1974 959 2135 1035 leget
2180 958 2253 1016 de
2298 957 2401 1030 iis,
2465 977 2615 1034 quae

281 1055 286 1060 '
373 1048 694 1124 proferam,
764 1067 956 1124 neque
1028 1048 1315 1124 postulet,
1385 1053 1454 1104 ut
1513 1047 1971 1106 innumerabiles
2028 1047 2161 1106 illas
2223 1045 2615 1122 quaestiones,

377 1157 524 1213 quas
578 1136 742 1213 ipsae
799 1135 1052 1194 Patricii
1105 1135 1392 1197 confessio
1449 1141 1509 1194 et
1563 1136 1819 1236 epistula
1865 1136 2201 1211 legentibus
2254 1139 2615 1212 proponunt,

373 1226 600 1286 solvere
659 1245 850 1284 coner.
963 1224 1154 1284 Immo
1215 1224 1393 1285 liceat
1462 1225 1606 1283 mihi
1668 1224 1899 1284 omissis
1958 1224 2256 1296 omnibus,
2329 1243 2481 1299 quae
2538 1225 2617 1282 ad

374 1321 636 1373 nostram
691 1334 816 1375 rem
873 1333 990 1372 non
1045 1313 1370 1391 pertinent,
1432 1313 1515 1372 nil
1581 1313 1742 1372 aliud
1800 1333 2085 1391 quaerere
2141 1312 2281 1382 nisi,
2343 1331 2484 1370 num
2543 1312 2615 1370 de

373 1402 798 1463 consuetudine
855 1402 1107 1462 Patricii
1173 1422 1304 1460 cum
1361 1402 1647 1460 Romanis
1710 1402 1899 1479 ipsius
1954 1402 2179 1478 scripta
2232 1401 2460 1476 aliquid
2515 1401 2615 1458 do-

379 1497 567 1552 ceant.
658 1492 872 1567 Itaque
941 1491 1152 1550 omitto
1221 1491 1587 1567 argumentis
1658 1490 2001 1550 confirmare
2062 1489 2487 1548 confessionem
2556 1495 2617 1548 et

378 1581 692 1658 epistulam
749 1579 1112 1639 adulterinas
1168 1600 1285 1637 non
1345 1601 1491 1642 esse.
1579 1579 1734 1638 Nam
1790 1585 1851 1638 et
1905 1579 2031 1656 ipse
2088 1577 2443 1649 Schoellius,
2512 1578 2617 1653 qui

377 1670 636 1746 genuina
697 1689 766 1726 ea
827 1689 952 1727 esse
1012 1667 1264 1726 Patricii
1333 1669 1556 1746 scripta
1625 1675 1953 1744 negaverat
2010 1667 2176 1743 (diss.
2223 1688 2280 1743 p.
2332 1668 2413 1724 68
2462 1669 2615 1743 sqq.)

375 1765 582 1836 postea
641 1758 934 1834 (Herzog,
995 1757 1070 1816 R.
1126 1757 1223 1832 E.)
1278 1761 1414 1831 jure
1467 1757 1633 1817 illam
1688 1757 2043 1816 sententiam
2100 1756 2389 1833 deposuit.
2480 1754 2616 1814 Etsi

378 1847 534 1904 enim
579 1847 862 1906 nonnulla
909 1845 1302 1922 suspicionem
1358 1850 1626 1918 movent,
1687 1851 1885 1903 tamen
1931 1844 2285 1920 negligenda
2332 1849 2495 1915 sunt,
2553 1849 2618 1904 et

382 1937 538 2011 quia,
586 1954 736 2011 quae
781 1935 1006 1992 fuerint
1049 1933 1307 2008 genuina
1337 1934 1721 1998 confessionis
1754 1934 1951 2005 verba,
1999 1932 2231 1992 definiri
2272 1953 2389 1992 nou
2420 1938 2619 2008 potest

381 2030 442 2080 et
488 2024 627 2099 quia
672 2023 748 2080 ad
792 2021 1204 2096 dijudicandas
1261 2023 1478 2080 saeculi
1527 2022 1723 2100 quinti
1777 2042 1873 2085 res
1928 2021 2143 2081 idonea
2187 2021 2358 2083 nobis
2404 2021 2618 2083 desunt

377 2112 736 2185 adjumenta.

555 2200 714 2273 Quid
767 2199 956 2276 igitur
1009 2199 1138 2276 ipse
1193 2198 1491 2258 Patricius
1545 2200 1620 2257 de
1675 2219 1782 2258 sua
1837 2199 2025 2277 ipsius
2080 2199 2207 2258 vita
2260 2200 2429 2258 nobis
2486 2218 2617 2275 pro-

379 2287 577 2346 didit?
655 2288 821 2361 Quae
867 2308 960 2346 res
991 2287 1451 2364 haudquaquam
1481 2288 1675 2346 facilis
1722 2296 1811 2348 est
1856 2309 2161 2366 responsu,
2210 2310 2345 2349 nam
2376 2289 2499 2346 tale
2528 2295 2620 2346 est

377 2378 438 2434 in
494 2376 883 2448 confessione,
945 2377 1138 2453 qualis
1185 2397 1339 2435 nunc
1386 2381 1604 2450 exstat,
1664 2377 1949 2437 narrandi
1994 2397 2207 2453 genus,
2269 2383 2339 2435 ut
2384 2376 2619 2452 saepius

377 2486 572 2537 nem0,
638 2464 781 2541 quid
838 2465 952 2523 sibi
997 2466 1256 2525 voluerit
1301 2472 1526 2538 auctor,
1573 2466 1920 2542 intellegere
1966 2466 2171 2542 possit.
2262 2466 2431 2523 Haec
2477 2483 2617 2524 vero

377 2560 518 2613 sunt
565 2574 714 2630 quae
761 2574 834 2612 ex
879 2555 1162 2631 perplexa
1207 2555 1312 2612 illa
1356 2555 1699 2614 narratione
1748 2554 2023 2629 colligere
2069 2554 2239 2615 licet:

555 2643 872 2714 Patricius,
919 2642 1162 2703 natione
1208 2641 1383 2701 Brito
1429 2644 1606 2717 (conf.
1642 2643 1720 2703 H.
1754 2642 1873 2700 and
1902 2641 1989 2702 St.
2019 2641 2106 2714 II,
2141 2643 2197 2714 2,
2237 2663 2295 2719 p.
2330 2642 2483 2716 303)
2539 2642 2615 2700 16

379 2753 564 2790 annos
595 2738 772 2790 natus
805 2731 1080 2808 captivus
1109 2731 1172 2788 in
1203 2730 1560 2788 Hiberniam
1603 2736 1694 2789 est
1738 2730 2045 2803 abductus,
2090 2730 2229 2790 inde
2276 2731 2315 2788 6
2363 2729 2619 2807 peractis

379 2821 548 2880 annis
611 2820 902 2880 liberatus
960 2821 1022 2878 in
1083 2819 1340 2897 patriam
1401 2818 1641 2881 videtur
1696 2819 2037 2892 revertisse,
2098 2819 2202 2880 sed
2248 2819 2407 2897 [nisi,
2462 2818 2619 2895 quod

381 2910 652 2986 equidem
699 2909 926 2986 opinor,
975 2909 1351 2970 librariorum
1390 2908 1755 2985 negligentia
1787 2908 2087 2986 duplicata
2119 2915 2209 2968 est
2237 2928 2357 2966 una
2388 2909 2618 2966 eadem-

381 3019 494 3074 que
526 2998 787 3056 narratio
818 2997 868 3074 1]
908 2998 1125 3056 iterum
1172 3005 1384 3074 captus
1429 3005 1522 3068 est
1567 3019 1675 3058 nec
1719 3018 1862 3058 vero
1906 3019 2025 3062 non
2071 2998 2282 3058 iterum
2332 2998 2619 3057 liberatus

378 3087 589 3146 iterwm
631 3085 696 3146 in
737 3084 1062 3146 Britannia
1117 3095 1241 3144 erat
1295 3107 1428 3146 cum
1472 3085 1835 3166 parentvhms.
1926 3087 2029 3146 Ibi
2084 3107 2217 3146 cum
2271 3091 2618 3156 moraretur,

381 3176 752 3234 mirabilibus
799 3176 1158 3234 somniorum
1205 3176 1512 3252 speciebus
1557 3175 1849 3236 invitatus
1895 3182 2001 3248 est,
2047 3181 2116 3234 ut
2146 3173 2457 3234 Hiberniis
2486 3193 2617 3232 ver-

380 3266 517 3324 bum
567 3265 662 3322 dei
709 3263 1080 3341 praedicaret
1125 3297 1206 3306 -—-
1257 3270 1316 3322 et
1364 3264 1628 3340 profecto
1670 3272 1805 3342 post
1852 3262 2150 3342 plurimos
2204 3280 2387 3325 annos
2442 3262 2618 3337 (conf.

380 3375 436 3431 p.
473 3355 626 3429 303)
671 3349 993 3432 imperante
1043 3348 1276 3412 Ckmzsto
1321 3352 1426 3426 (ib.
1473 3373 1531 3429 p.
1567 3353 1720 3427 309)
1766 3371 1885 3411 non
1938 3349 2057 3410 sine
2110 3349 2218 3410 deo
2270 3368 2373 3410 nec
2422 3369 2615 3409 secun-

380 3441 525 3501 dum
571 3459 809 3502 carnem
855 3442 1051 3518 (epist.
1100 3462 1156 3518 p.
1193 3441 1345 3516 316)
1392 3440 1456 3499 in
1499 3440 1859 3500 Hiberniam
1919 3440 2217 3517 pervenit,
2280 3438 2617 3501 Soet-,orum-

381 3552 495 3607 que
543 3532 730 3589 multa
778 3530 940 3589 milia
985 3531 1060 3588 ad
1107 3550 1311 3590 verum
1358 3528 1456 3588 dei
1502 3530 1727 3588 cultum
1774 3530 2083 3588 convertit.
2168 3528 2290 3588 Ubi
2325 3525 2621 3607 pluvimos

382 3621 514 3679 illos
561 3640 746 3678 annos
792 3619 1040 3696 degerit,
1087 3640 1161 3678 ne
1207 3636 1324 3678 uno
1359 3619 1596 3695 quidem
1628 3620 1811 3678 verbo
1842 3618 2141 3679 Patricius
2186 3617 2471 3696 prodidit,
2518 3615 2621 3676 sed

381 3710 525 3768 satis
569 3707 781 3766 habuit
824 3708 1042 3768 dixisse
1090 3708 1324 3784 saepius
1371 3729 1432 3766 se
1479 3729 1604 3769 esse
1650 3708 1939 3767 servitute
1992 3707 2333 3774 liberatum,
2396 3706 2619 3784 disper-

381 3818 509 3859 sum
569 3818 631 3856 se
693 3817 816 3856 esse
877 3796 978 3868 „in
1033 3794 1292 3896 yentilffus
1352 3793 1604 3870 multis‘ss
1670 3797 1954 3856 maximas
2023 3796 2439 3856 tribulationes
2496 3815 2620 3852 esse

380 3907 722 3965 perpessum
782 3887 1140 3962 summisque
1200 3885 1261 3942 in
1321 3885 1599 3961 periculis
1663 3893 1979 3946 versatum.
2082 3886 2243 3959 Quin
2304 3885 2487 3944 etiam
2546 3903 2619 3942 ne

383 3977 443 4034 id
505 3976 748 4054 quidem
804 3976 1075 4051 cognosci
1131 3980 1352 4052 potest,
1422 3980 1622 4034 utrum
1680 3983 1844 4035 recta
1898 3976 1997 4035 via
2052 3997 2125 4034 ex
2178 3973 2497 4034 Britannia
2558 3972 2620 4028 in

563 4204 584 4235 ¹
620 4201 791 4264 Nam,
850 4204 914 4252 ut
951 4200 1062 4253 alia
1100 4201 1386 4265 omittam,
1444 4203 1682 4268 utraque
1729 4201 2007 4266 nar-ratic,
2067 4218 2121 4268 p.
2163 4199 2261 4253 301
2306 4201 2364 4250 et
2400 4215 2453 4266 p.
2496 4197 2617 4263 302,

383 4273 692 4328 Patricium
741 4271 1014 4324 servitute
1063 4271 1366 4324 liberatum
1417 4271 1486 4324 28
1533 4270 1655 4323 dies
1704 4290 1807 4340 per
1856 4272 2082 4354 deserta
2128 4270 2253 4322 loca
2301 4272 2496 4323 narrat
2534 4285 2621 4323 er-

381 4347 614 4400 ravisse.
