3259 5084
1286 222 1716 279 ..87-

392 398 585 465 etiam,
616 398 811 457 minus
858 398 1273 473 cohaerebant,
1318 418 1496 475 quam
1542 399 1670 477 ipse
1710 398 1942 459 Eddius
1988 400 2232 460 censuit.
2291 400 2351 461 N
2353 420 2446 461 am
2493 420 2625 461 cum

390 486 632 548 Ceadda
699 487 1125 553 consecrandus
1185 488 1247 546 in
1308 487 1584 555 Cantiam
1645 489 1858 557 missus
1927 488 2036 561 sit,
2111 494 2364 569 apparet
2433 508 2623 567 neque
2693 498 2700 503 '

389 575 611 637 Osviuo
670 576 801 653 regi
860 596 1051 652 neque
1122 576 1253 649 iis,
1300 596 1551 653 quorum
1622 576 1866 647 consilio
1927 578 2234 651 utebatur,
2305 577 2368 635 in
2427 577 2622 650 animo

390 665 587 737 fuisse,
633 672 702 723 ut
746 658 1169 738 rescinderent,
1217 685 1369 742 quae
1412 666 1477 725 in
1523 665 1747 741 synodo
1795 666 2120 727 constituta
2149 672 2340 725 erant.
2417 666 2624 743 Neque

391 774 522 814 cum
552 749 865 822 Wilfridus
912 754 1163 821 tamdiu,
1184 754 1261 813 in‘*
1281 753 1483 822 Gallia
1527 759 1790 814 moratus
1807 755 1920 829 sit,
1951 754 2284 813 mirandum
2313 754 2422 829 est,
2467 750 2650 832 quod¹

393 842 575 901 alium
618 844 931 920 eligerunt.
1022 842 1314 903 Attamen
1362 864 1481 902 non
1526 863 1680 920 nego
1726 843 2047 903 verisimile
2109 864 2234 903 esse
2280 843 2624 903 wilfridum

388 952 509 991 non
572 932 843 992 omnibus
902 932 1414 1008 Nordanhymbris
1482 932 1812 1011 gratiosum
1878 932 2076 994 fuisse.
2121 930 2280 990 ·An
2309 932 2624 997 credibile

391 1028 483 1081 est
528 1041 677 1095 eum,
738 1020 843 1097 qui
890 1028 1051 1079 certo
1096 1021 1271 1081 nimis
1318 1022 1610 1098 flagrante
1658 1021 1984 1100 cupiditate
2025 1020 2315 1079 Romanis
2362 1026 2625 1098 cuperet,

394 1109 497 1187 qui
541 1110 669 1187 ipse
714 1110 1074 1185 gloriaretur
1118 1110 1181 1169 in
1228 1130 1315 1183 ec,
1363 1112 1521 1188 quod
1554 1108 1796 1189 primus
1843 1118 1988 1189 post
2031 1103 2252 1169 obitum
2288 1108 2627 1191 primorum

382 1216 697 1279 procerum
742 1219 783 1257 a
812 1195 969 1265 Scio.
1002 1193 1288 1279 Greqmio
1320 1198 1674 1259 directmmn
1701 1197 2030 1269 curavisset,
2075 1207 2138 1257 ut
2169 1192 2428 1259 Scoticae
2469 1196 2622 1257 viru-

390 1283 541 1347 lenta
571 1284 959 1367 plantationis
1000 1286 1265 1369 ymina
1310 1286 1696 1361 eradicaret„
1729 1296 1826 1347 .et
1868 1286 2048 1347 vyitam
2091 1284 2511 1349 monachorum
2539 1306 2622 1346 se·

390 1375 651 1459 cundum
693 1373 956 1455 requiam
1014 1374 1141 1437 Soti
1184 1375 1382 1457 pom's
1436 1332 1774 1447 Benedicti,
1832 1395 2013 1456 quam
2069 1372 2264 1435 nullus
2309 1375 2489 1455 prior
2545 1373 2631 1435 ibi

390 1454 709 1536 invexisset,
756 1463 1111 1526 constitueret
1155 1465 1387 1543 (Steph.
1433 1465 1591 1525 Edd.
1635 1464 1872 1537 XLIV,
1917 1485 1978 1542 p.
2027 1465 2180 1541 705)
2211 1499 2299 1509 --
2344 1464 2625 1523 credibile

392 1559 500 1629 eet,
562 1574 831 1631 iuquam,
894 1574 1026 1613 eum
1085 1556 1195 1614 hac
1251 1556 1383 1633 ipsa
1442 1554 1768 1633 asperitate
1827 1553 2297 1623 benevolentiam
2361 1553 2477 1612 sibi
2523 1554 2624 1611 ad·

386 1644 652 1719 junxisse
682 1664 901 1716 eorum,
950 1644 1051 1720 qui
1082 1644 1198 1705 etsi
1220 1644 1477 1703 libenter
1506 1663 1640 1704 cum
1669 1642 1956 1707 Romanis
1997 1641 2318 1703 amicitiam
2348 1641 2623 1714 inierant,

390 1732 792 1813 gratissimam
839 1740 1036 1791 tamen
1084 1732 1412 1804 Scotorum,
1461 1731 1678 1807 quibus
1707 1729 2007 1807 magistris
2051 1730 2146 1790 uei
2177 1736 2362 1803 erant,
2409 1749 2624 1789 memo-

389 1820 539 1881 riam
583 1821 795 1889 merito
841 1822 1169 1881 retinerent
1182 1821 1211 1879 *Ρ

564 1909 959 1968 Nihilosecius
991 1908 1307 1967 Wilfridus
1340 1926 1493 1967 anno
1530 1909 1676 1981 669,
1707 1913 2025 1986 postquam
2057 1905 2404 1967 Theodorus
2433 1907 2624 1966 archi·

396 1995 705 2071 episcopus
750 2001 942 2054 totam
972 1994 1348 2055 Britanniam
1378 1996 1911 2073 recognoscentiam
1945 1996 2290 2055 circumiens
2324 1995 2623 2057 Oeaddam

390 2082 454 2141 in
513 2082 710 2143 sedem
768 2082 1262 2143 Licidfeldensem
1323 2084 1660 2159 transtulit,
1721 2084 2114 2145 Eboracensis
2174 2085 2328 2143 sedis
2387 2086 2624 2163 praesul

392 2172 585 2232 factus
632 2177 737 2231 est.
766 2173 865 2248 (cf.
910 2172 1159 2250 Bright,
1220 2195 1277 2252 p.
1336 2176 1459 2234 226
1507 2176 1684 2251 sqq.)¹
1713 2174 1825 2241 sed,
1878 2194 2032 2244 anno
2084 2174 2212 2232 678
2255 2174 2474 2234 iterum
2497 2240 2504 2246 ,
2527 2196 2624 2233 ex·
2681 2160 2689 2173 ⁸

388 2260 593 2337 pulsus
638 2266 729 2321 est
774 2268 837 2320 et
881 2262 1163 2323 dioecesis
1208 2266 1337 2339 eJ‘us
1389 2264 1581 2323 divisa
1624 2263 1690 2322 in
1736 2268 1992 2340 quatuor
2044 2270 2248 2339 partes
2295 2264 2622 2339 (Hexham·

387 2348 751 2423 Lindisfarn,
783 2350 1138 2423 Eboracum,
1164 2350 1623 2428 Sidnaceaster),
1658 2352 1873 2429 quibus
1903 2357 2025 2411 tres
2058 2351 2322 2428 episcopi
2350 2352 2512 2426 iique
2539 2385 2622 2422 -÷

389 2438 534 2515 quid
565 2438 821 2497 mirum?
844 2474 917 2482 -—
937 2440 1233 2516 quondam
1265 2442 1484 2500 eruditi
1504 2442 1569 2499 in
1594 2440 1966 2499 monasteriis
1989 2460 2026 2497 a
2051 2438 2242 2499 Scotis
2266 2440 2328 2497 in
2350 2438 2621 2500 Norden·

386 2526 662 2603 hymbria
708 2528 1063 2587 constructis
1108 2530 1437 2607 praepositi
1490 2534 1648 2590 sunt.
1735 2526 2055 2600 wilfridus
2113 2533 2311 2590 autem
2360 2526 2474 2585 etsi
2520 2525 2624 2598 adq

380 2617 549 2691 jutus
594 2621 687 2673 est
733 2634 768 2671 a
812 2634 987 2692 papa,
1018 2616 1094 2675 ad
1127 2636 1301 2693 quem
1332 2616 1644 2695 appellans
1675 2616 2038 2692 confugerat,
2069 2622 2268 2675 tamen
2299 2615 2625 2693 impetrare,

386 2723 505 2761 non
551 2703 753 2781 potuit
767 2747 781 2776 ,
836 2713 915 2769 ,ut
974 2704 1171 2764 sedem
1215 2710 1611 2783 recuperaret.
1701 2704 1975 2781 Denique
2020 2724 2176 2763 anno
2227 2704 2350 2764 686
2401 2704 2624 2773 auxilio

393 2785 719 2865 Theodori,
780 2812 1032 2869 quocum
1076 2794 1141 2852 in
1185 2794 1441 2871 gratiam
1486 2794 1776 2866 redierat,
1821 2792 2212 2864 Eboracensis
2257 2793 2416 2854 illius
2441 2792 2625 2854 ‚dioe-

386 2900 582 2941 ceseos
643 2882 969 2960 partitione
1030 2882 1293 2955 minutae
1353 2883 1662 2961 episcopus
1691 2884 1932 2949 >factus·¹
1957 2888 2073 2957 est,
2137 2882 2242 2943 sed
2288 2902 2442 2944 anno
2493 2882 2622 2955 691,Ἴ

386 2970 628 3029 tertium
660 2972 940 3048 expulsus
987 2991 1143 3031 anno
1174 2972 1408 3031 demum
1444 2972 1569 3031 705
1604 2971 1824 3032 auxilio
1852 2990 2042 3049 papae
2073 2972 2290 3031 iterum
2335 2992 2398 3031 se
2435 2972 2622 3029 inter-

389 3057 665 3133 ponentis
708 3060 1023 3119 restitutus
1070 3068 1161 3121 est
1206 3062 1269 3119 in
1316 3061 1512 3121 sedem
1566 3080 1736 3121 suam
1790 3060 1964 3137 eique
2018 3080 2204 3137 usque
2251 3060 2327 3119 ad
2373 3065 2624 3119 mortem

388 3145 571 3220 (709)
616 3154 905 3222 praeerat.
915 3146 939 3183 1

565 3232 701 3308 Hae
746 3239 883 3293 sunt
928 3234 1193 3293 wilfridi
1255 3238 1483 3295 turbae.
1574 3236 1880 3309 Quaenam
1939 3242 2115 3308 erant
2175 3234 2424 3296 causae?
2499 3234 2621 3295 Re-

387 3320 616 3381 vixitne
664 3322 1067 3383 controversia
1110 3324 1405 3402 paschalis
1450 3325 1513 3385 in
1559 3324 1824 3383 Wilfridi
1885 3324 2176 3385 historia?
2241 3330 2314 3385 ut
2373 3302 2486 3383 hac
2545 3324 2618 3384 ‹le

387 3428 575 3471 causa-
608 3410 798 3471 Hilda
844 3412 1183 3486 abbatissa,
1238 3432 1388 3490 quae
1445 3414 1510 3473 in
1546 3413 1780 3489 ‚synodo
1817 3433 1864 3479 -a
1911 3412 2105 3489 Sectis
2151 3418 2421 3486 steterat,
2479 3434 2622 3483 con·¹

384 3498 713 3575 spiceretur
748 3500 917 3560 inter
956 3521 1079 3575 eos,
1124 3500 1229 3578 qui
1272 3502 1499 3562 Romae
1532 3501 1876 3561 wilfridum
1923 3507 2361 3561 accusaverunt.
2425 3502 2616 3563 Vehe-

386 3594 619 3647 menter
665 3595 948 3665 errarent,
996 3590 1099 3668 qui
1127 3592 1241 3651 hoc
1268 3597 1569 3669 putarent.
1628 3586 1783 3652 Nam
1828 3610 1946 3650 una
1985 3611 2118 3652 cum
2147 3591 2334 3650 Hilda
2363 3592 2619 3669 primum

567 3746 587 3777 ¹
627 3732 917 3799 Ebrardus
960 3745 1005 3797 si
1042 3744 1315 3815 Stephani
1340 3745 1515 3801 Eddii
1552 3746 1728 3801 vitam
1764 3746 2020 3817 legisset,
2062 3763 2244 3815 neque
2283 3745 2620 3800 affirmasset

388 3812 717 3868 Wilfridum
744 3832 889 3870 anno
911 3814 1015 3871 696
1047 3820 1331 3869 mortuum
1360 3834 1480 3870 esse
1509 3834 1693 3886 neque
1715 3817 1827 3870 alia
1845 3817 2023 3870 multa
2043 3818 2372 3885 protulisset
2393 3818 2472 3885 (p.
2502 3818 2614 3887 61),

390 3901 532 3953 quae
570 3886 841 3940 historiae
878 3904 1105 3955 prorsus
1152 3893 1488 3955 repugnant.
1566 3888 1680 3942 Sed
1729 3888 1926 3943 dubito
1975 3904 2162 3941 annon
2207 3888 2440 3955 legerit,
2485 3904 2619 3941 nam

386 3973 555 4009 unam
594 3958 773 4010 solam
809 3958 1001 4011 inveni
1037 3956 1212 4011 Eddii
1258 3958 1604 4013 mentionem
1644 3960 1726 4027 (p.
1763 3958 1894 4027 377)
1935 3976 2170 4029 eamque
2219 3960 2420 4022 talem,
2473 3974 2616 4025 quae

386 4025 644 4081 Ebrardo
682 4028 883 4081 honori
919 4045 1033 4083 non
1068 4030 1155 4083 sit.
1208 4026 1442 4083 Frustra
1480 4029 1632 4083 enim
1656 4028 1842 4084 Eddio
1867 4029 2041 4085 fidem
2077 4028 2348 4100 abrogare
2387 4031 2616 4081 conatus

390 4102 476 4152 est
513 4096 797 4152 affirmans
833 4096 1181 4153 Ebroinum'
1182 4099 1460 4181 majorem
1503 4100 1700 4153 domus
1739 4104 2021 4155 mortuum
2061 4118 2182 4154 esse
2221 4097 2450 4167 „paullo
2487 4102 2618 4165 post

387 4168 545 4223 673&
600 4166 766 4238 Quod
802 4169 954 4223 unde
991 4170 1245 4224 hauserit
1282 4170 1489 4235 nescio,
1529 4188 1662 4223 nam
1700 4168 2015 4225 Ebroinum
2053 4186 2197 4224 anno
2221 4140 2334 4223 681
2376 4172 2619 4221 mortem

389 4240 595 4295 obiisse
652 4243 873 4294 constat
938 4239 1013 4294 cf.
1054 4240 1323 4307 Bonnell,
1384 4212 1656 4309 An’fange
1713 4242 1812 4297 des
1878 4239 2336 4309 karolingischen
2394 4238 2618 4294 Hauses
2695 4253 2698 4257 ·

384 4327 440 4378 p.
483 4312 583 4367 123
622 4330 702 4381 sq.
