3259 5084
1496 262 1984 319 —104—

612 461 727 517 que
775 439 1187 515 cognovimus,
1230 458 1385 514 quae
1432 440 1513 497 sit
1556 438 1740 497 notio·
1772 438 1934 497 vocis
1998 439 2328 509 clientelae,
2391 438 2862 499 luculentissime

594 535 867 607 apparet
914 550 987 589 ex
1034 527 1125 600 iis,
1175 548 1327 604 quae
1374 527 1439 585 iu
1484 527 1745 604 epistula
1789 527 1894 585 illa
1925 526 2218 587 Columba
2257 526 2558 603 Gregorio
2599 526 2862 604 soz-ipsit,

610 616 962 678 Columbam
1010 618 1089 676 ab
1120 615 1393 675 omnibus
1426 616 1655 679 chadeis
1693 650 1768 660 —
1805 636 1880 673 ne
1911 615 2260 675 inferiorum
2291 615 2534 691 quidem
2563 615 2862 693 graduum

594 705 839 765 *clericis
886 704 1148 782 exceptis
1184 738 1261 749 -—-
1291 706 1644 781 postulasse,
1687 710 1758 763 ut
1802 704 1864 763 in
1911 704 2210 763 caelibatu
2256 704 2541 763 viverent.
2619 704 2862 765 Diserte

608 794 766 853 enim
811 794 941 872 ipse
988 794 1315 855 affirmavit
1358 794 1423 851 in
1468 793 1698 853 clericis
1742 793 2102 852 adulterium
2149 812 2281 851 cum
2325 791 2616 854 uxoribus
2667 826 2742 837 -
2791 800 2864 852 ut

596 883 695 943 ita
740 882 932 941 dicam
978 882 1333 943 necessitate
1380 890 1617 941 coactus
1671 917 1748 927 —
1800 882 1963 959 apud
2007 880 2218 941 Scotos
2263 901 2383 941 non
2428 881 2678 941 minoris
2725 902 2862 941 cen-

612 970 729 1033 seri
774 970 1054 1031 facinoris
1086 992 1267 1048 quam
1298 971 1659 1032 adulterium
1707 990 1838 1029 cum
1870 970 2068 1047 puella
2099 970 2356 1046 quadam
2386 964 2857 1048 perpetratum}

787 1060 954 1133 Quae
1000 1080 1132 1119 eum
1177 1060 1264 1121 ita
1310 1059 1447 1133 sint,
1496 1078 1613 1135 quo
1660 1059 1890 1118 facilius
1938 1065 2029 1118 est
2067 1058 2310 1132 diluere,
2357 1078 2512 1135 quae
2541 1058 2859 1122 Ebrardus

604 1149 859 1226 protulit
888 1148 965 1207 ad
997 1148 1460 1207 confirmandam
1505 1168 1671 1207 suam
1719 1147 2058 1225 opinionem
2091 1148 2186 1222 (cf.
2212 1146 2488 1223 Loening
2519 1146 2608 1220 ΙΙ,
2642 1168 2700 1225 p.
2727 1148 2860 1207 428

605 1242 729 1297 not.
767 1238 847 1314 1),
894 1257 964 1296 eo
1010 1238 1202 1313 magis
1246 1236 1393 1295 mihi
1436 1242 1778 1313 pertaesum
1823 1242 1914 1295 est
1961 1235 2023 1295 in
2067 1236 2162 1294 his
2207 1236 2388 1297 cassis
2433 1255 2677 1313 operam
2723 1256 2861 1313 per·

606 1326 763 1385 dene.
825 1324 1034 1386 Nostri
1078 1325 1279 1403 potius
1318 1324 1531 1401 judicii
1576 1345 1866 1385 summam
1911 1324 2221 1385 faciamus:
2269 1330 2506 1386 tantum
2551 1326 2744 1395 abest,
2790 1332 2863 1384 ut

596 1414 967 1475 -tentimoniis
1023 1413 1434 1477 confirmatum
1494 1414 1575 1473 sit
1634 1414 1731 1473 vel
1793 1413 1972 1473 etiam
2033 1412 2369 1473 confirmari
2440 1412 2634 1490 possit
2697 1414 2863 1491 apud

606 1502 821 1563 Sestos
866 1522 999 1563 cum
1050 1502 1115 1563 in
1160 1502 1479 1563 Britannia
1525 1508 1587 1561 et
1633 1501 1928 1563 Hibernia
1987 1508 2118 1560 tum
2177 1502 2238 1561 in
2293 1501 2626 1563 continenti
2689 1502 2859 1561 cleri-

606 1608 809 1651 corum
854 1591 1235 1651 matrimonia
1280 1597 1343 1650 et
1386 1591 1623 1670 saepius
1669 1589 1917 1651 inventa
1969 1591 2090 1651 sint
2145 1597 2209 1649 et
2253 1591 2450 1651 minus
2493 1590 2860 1669 vituperata,

604 1686 677 1741 ut
736 1686 947 1741 contra
1004 1680 1185 1740 liceat
1243 1680 1534 1758 suspicari
1596 1680 1758 1756 apud
1817 1678 2052 1752 Scotos,
2120 1685 2333 1756 utpote
2395 1679 2613 1755 quibus
2675 1680 2866 1739 etiam

600 1769 795 1845 magis
840 1788 1019 1844 quam
1066 1768 1204 1829 aliis
1244 1769 1373 1829 vita
1425 1768 1847 1828 monachorum·
1907 1788 2168 1828 summae
2227 1767 2612 1849 perfeetionis
2673 1767 2858 1829 fuerit

602 1858 819 1935 imagO,
866 1864 930 1915 et
972 1858 1232 1918 rariores
1274 1856 1455 1917 fuisse
1502 1856 1762 1929 clericos,
1811 1856 1913 1934 qui
1959 1856 2028 1917 in.
2067 1856 2460 1917 matrimoniis
2508 1856 2605 1917 vel
2652 1856 2856 1935 potius

604 1946 669 2005 iu
724 1946 1035 2007 adulteriis
1090 1947 1185 2006 vel
1240 1945 1464 2024 stupris
1517 1945 1805 2019 vixerint,
1869 1952 1930 2005 et
1981 1946 2036 2005 si
2080 1946 2330 2018 fuerint,
2391 1945 2602 2007 rarius:
2631 1965 2860 2025 poenas

598 2034 907 2111 effugisse,
970 2054 1148 2111 quam
1208 2034 1272 2094 in
1334 2034 1469 2095 aliis
1528 2034 1808 2093 ecclesiae
1868 2034 2140 2113 partibus
2201 2034 2473 2112 inprimis
2531 2035 2594 2095 in
2651 2032 2860 2095 Gallia

604 2125 707 2198 (cf.
752 2142 933 2200 supra
978 2144 1036 2200 p.
1084 2124 1214 2199 82).

589 2238 593 2243 ·
658 2218 691 2247 -’
781 2211 993 2271 Saluta
1039 2211 1229 2287 igitur
1270 2210 1469 2289 priore
1514 2230 1718 2271 earum
1765 2210 2206 2287 quaestionum,
2268 2230 2416 2287 quaa
2475 2230 2657 2288 supra
2715 2232 2859 2289 pro·

601 2320 931 2378 posueram,
978 2319 1134 2358 nunc
1174 2300 1251 2358 ad
1282 2299 1530 2358 alteram
1561 2297 1870 2359 venientes
1901 2318 2272 2375 quaeramus,
2318 2319 2460 2357 num
2506 2300 2624 2359 alia
2671 2300 2861 2361 fuerit

600 2388 766 2467 apud
796 2388 1121 2449 Columbae
1164 2388 1359 2449 socios
1386 2386 1515 2447 vita
1558 2387 1903 2447 monachica
1947 2393 2130 2465 atque
2173 2388 2237 2445 in
2282 2388 2560 2448 universa
2607 2388 2858 2449 ecclesia

601 2484 666 2538 et
712 2478 859 2555 quid
903 2477 977 2537 de
1024 2476 1444 2539 monachorum
1490 2474 1619 2537 vita
1663 2475 1792 2554 ipse
1838 2477 2120 2537 statuerit
2163 2476 2474 2537 Columba.-

777 2566 919 2626 Hoc
960 2566 1202 2627 tandem
1258 2566 1387 2625 loeo
1443 2564 1810 2625 inveniemus
1870 2566 2157 2627 nonnulla
2202 2564 2516 2626 Scotorum
2575 2566 2856 2644 proptia,
2843 2588 2856 2603 ·

600 2652 917 2715 Scotorum
962 2654 1120 2728 dico,
1182 2674 1301 2714 non
1355 2654 1534 2713 unius
1578 2653 1928 2726 Columbae,
1988 2674 2127 2715 nam
2184 2674 2319 2713 cum
2367 2652 2660 2713 Columba
2717 2676 2860 2717 con-

598 2742 845 2803 fiteatur
890 2764 951 2803 se
996 2762 1250 2819 suosque
1294 2762 1431 2805 cum
1472 2760 1718 2801 suorum
1761 2738 1978 2823 requlis
2020 2761 2256 2803 manere
2301 2740 2592 2802 seniorum
2635 2744 2764 2821 (ep
2803 2746 2858 2817 1,

586 2852 659 2907 p.
710 2832 794 2889 24
834 2830 941 2906 F),
1010 2831 1235 2904 omnia,
1306 2850 1457 2907 quae
1518 2832 1680 2907 apud
1741 2830 2092 2891 Columbam
2151 2830 2563 2903 inveniuntur,
2627 2831 2857 2895 similia

598 2918 781 2977 fimse
826 2918 891 2977 in
936 2918 1235 2977 Hibernia
1279 2918 1567 2995 negleotis
1610 2918 1874 2977 Ebrardi
1918 2919 2120 2979 verbis
2167 2920 2250 2995 (p.
2297 2919 2420 2979 153
2467 2925 2612 2979 not:
2643 2920 2727 2980 64
2775 2922 2852 2983 uf·

598 3028 657 3085 p.
712 3006 855 3079 147,
902 3010 1025 3065 not.
1074 3005 1184 3083 57)
1232 3006 1650 3083 suspicandum
1698 3013 1804 3065 est.
1895 3007 2121 3067 Eorum
2168 3007 2406 3084 quidem
2453 3007 2684 3086 opime,
2741 3009 2850 3085 qui

598 3100 668 3154 ut
725 3094 1051 3157 Ebrardus
1095 3100 1311 3172 putant
1370 3093 1531 3175 apud
1592 3094 1804 3155 Scotos
1879 3094 2120 3157 omnino
2185 3094 2373 3155 vitam
2442 3096 2852 3163 monachicam

596 3204 841 3263 prorsus
872 3184 1051 3243 aliam
1082 3183 1263 3245 fuisse
1291 3189 1476 3260 atque
1508 3182 1672 3257 alibi,
1719 3204 2046 3261 numquam
2084 3183 2318 3245 facilius
2348 3186 2597 3246 refutari
2627 3192 2854 3264 potest,

596 3290 777 3349 quam
820 3272 933 3332 hoc
978 3272 1113 3352 ipso
1157 3274 1301 3346 loco,
1348 3273 1453 3335 ubi
1496 3272 1573 3333 de
1604 3272 1896 3335 Columba
1939 3272 2154 3349 agitur.
2217 3272 2394 3347 Quod
2423 3279 2492 3333 ut
2521 3272 2854 3350 videamus,

596 3366 777 3419 antea
822 3360 999 3419 liceat
1042 3380 1353 3437 quaerere,
1416 3361 1573 3419 unde
1629 3362 1900 3437 profecta
1958 3360 2040 3420 sit
2083 3361 2210 3421 vita
2255 3361 2616 3423 monachica.
2711 3362 2851 3438 sod,

597 3467 671 3506 ne
718 3448 781 3505 in
827 3446 1175 3527 Aegyptum
1221 3450 1473 3509 lectores
1518 3449 1828 3522 deducam,
1875 3448 2084 3510 timere
2131 3465 2280 3527 opus
2325 3470 2444 3509 non
2491 3456 2599 3513 est.
2693 3452 2856 3517 Nam

597 3535 701 3595 vix
745 3535 809 3594 in
855 3534 1275 3614 Aegyptorum
1321 3537 1486 3599 cultu
1533 3558 1602 3597 ac
1647 3536 1936 3614 religione
1981 3539 2366 3597 monachatus
2411 3536 2714 3619 principia
2760 3540 2853 3601 in-

594 3623 791 3683 veniri
842 3640 1020 3701 posse
1078 3630 1225 3703 puto
1239 3668 1257 3697 ,.
1322 3626 1403 3685 ab
1458 3626 1591 3703 ipsa
1649 3624 1850 3703 potius
1910 3624 2027 3686 fide
2087 3625 2410 3687 christiana
2473 3646 2664 3705 eaque
2731 3649 2855 3691 uon

592 3716 757 3769 recte
787 3710 1094 3771 intellecta
1124 3714 1290 3791 origo
1322 3712 1481 3773 vitae
1512 3712 1889 3775 monachicae
1929 3714 2256 3791 repetenda
2286 3721 2380 3773 est
2410 3716 2508 3791 (cf.
2538 3716 2854 3792 Harnaek,

594 3794 733 3858 Das
776 3796 1177 3861 Mammam.
1218 3836 1303 3845 —
1334 3797 1490 3861 Eine
1534 3796 1892 3861 kirchenlzist.
1940 3796 2290 3883 νονίεειιηρ.»
2334 3806 2392 3862 2.
2436 3800 2616 3887 Acyl..
2655 3806 2855 3873 1882.

590 3910 653 3967 p.
692 3888 735 3945 8
778 3890 951 3965 sqq.).
1044 3888 1397 3971 Quicunque
1444 3889 1601 3949 enim
1648 3888 2072 3973 detorquentes
2126 3892 2190 3950 in
2235 3910 2472 3953 sensum
2515 3894 2852 3976 physicum,

598 4062 879 4116 Golumba
924 4060 1241 4129 repetenda
1288 4077 1407 4113 esse
1458 4032 1704 4116 videtur.
1779 4061 2055 4117 Attamen
2116 4062 2316 4117 melius
2365 4067 2453 4117 est
2497 4024 2852 4125 testimoniis

592 4132 847 4197 incertis,
888 4133 1093 4187 saltem
1130 4130 1319 4186 dubiis
1353 4148 1469 4185 non
1507 4133 1608 4186 uti.

740 4204 871 4257 ¹111
907 4204 1081 4257 hanc
1095 4203 1247 4257 enim
1283 4203 1623 4257 sententiam
1649 4203 1824 4257 verba
1861 4203 1964 4257 illa
1999 4219 2109 4257 nan
2142 4202 2374 4259 minor-is
2397 4208 2494 4259 etc.
2523 4207 2682 4263 dicta
2719 4224 2846 4263 esne

594 4274 961 4329 manifestum
1014 4278 1101 4327 est
1148 4290 1218 4327 ex
1266 4272 1412 4327 libro
1462 4274 1535 4327 dc
1582 4272 2062 4341 poenitentiarum
2113 4290 2390 4329 mensura.
2466 4276 2674 4349 Itaque
2713 4295 2847 4349 per·

588 4360 787 4411 peram
826 4345 1207 4413 suppleretur.
1246 4360 1413 4413 quam
1448 4344 1596 4413 apud
1633 4346 1837 4398 vestros
1871 4342 2182 4413 magistros.
