3259 5084
1535 253 1929 323 ...2-

609 436 820 527 βαλέω.
911 435 1074 505 Ecme
1117 440 1582 504 koekhaessstmisclze
1627 443 1850 504 Studia
1940 441 2321 505 Anwterdam
2371 447 2539 516 1869,
2582 447 2684 524 70)
2742 444 2859 505 nisi

624 537 688 594 in
733 556 854 594 una
898 535 1279 594 annotatione
1325 534 1435 611 (ΙΙ,
1467 557 1524 614 p.
1561 535 1686 592 352
1720 537 1873 611 sqq.)
1920 535 1993 593 de
2039 535 2312 594 Ebrardo
2359 537 2539 595 verba
2601 556 2720 595 non
2772 537 2856 594 fe-

625 625 792 692 cerit,
883 623 1003 684 Sed
1048 623 1255 700 negari
1302 645 1421 682 non
1464 630 1665 702 potest
1711 624 1905 702 ipsum
1934 625 2281 684 Muellerum
2325 625 2389 684 in
2432 626 2523 698 iis,
2572 647 2725 704 quae
2767 627 2855 684 ni-

624 734 723 774 sus
768 713 1119 790 Rettbergio
1168 713 1239 771 de
1285 713 1600 773 Britonum
1648 713 2078 791 Scotorumque
2126 715 2370 772 ecclesia
2416 715 2670 793 scripsit,
2719 714 2858 774 novi

626 803 940 881 quicquam
973 823 1090 861 non
1123 803 1409 862 attulisse.
1500 803 1635 861 Hoc
1665 802 1857 862 minus
1902 804 2273 881 probandum
2322 811 2425 877 est,
2474 804 2575 862 sed
2622 803 2857 863 silentio

622 892 950 971 praeterire
977 891 1237 951 Ebrardi
1283 891 1566 969 figmenta
1609 891 1896 951 Muellero
1942 900 2153 971 utpote
2200 899 2460 966 externo,
2506 894 2741 952 licuisse
2788 893 2856 950 li·

622 983 835 1040 benter
880 980 1191 1054 confiteor3
1250 1002 1318 1040 eo
1363 981 1552 1058 magis
1601 981 1876 1040 Werneri
1920 983 2131 1041 fuisset
2174 982 2236 1040 in
2282 1003 2386 1042 suo
2433 983 2507 1040 de
2553 982 2855 1042 Bonifatio

621 1071 774 1129 libro
822 1067 1215 1150 (Bom‘facius,
1261 1069 1368 1130 der
1410 1066 1659 1149 Apostel
1703 1069 1808 1129 der
1851 1065 2183 1130 Deutschen
2196 1115 2213 1142 ,
2261 1071 2387 1131 und
2430 1071 2525 1132 die
2569 1068 2854 1132 Romam‘-

621 1158 825 1240 simmy
880 1179 996 1218 von
1054 1154 1478 1240 Mitteleuropa.
1544 1161 1653 1218 187
1657 1161 1718 1236 5)
1764 1159 2024 1218 Ebrardi
2084 1160 2441 1219 sententiam
2500 1161 2853 1222 examinare.

623 1247 740 1307 Sed
802 1268 1136 1326 quanquam
1209 1249 1270 1306 in
1331 1249 1699 1326 praefatione
1761 1257 1897 1306 eam'
1952 1248 2273 1326 quaerendi
2346 1249 2670 1324 rationem,
2741 1271 2857 1327 qua

621 1337 926 1400 Ebrardus
958 1337 1310 1412 conjecturis
1342 1339 1518 1396 nimis
1549 1337 1803 1396 confisus
1848 1357 1989 1397 usus
2036 1346 2142 1411 est,
2190 1338 2503 1412 recusavit,
2548 1345 2749 1398 tamen
2794 1340 2857 1397 in

620 1426 711 1499 iis,
760 1446 910 1503 quae
956 1434 1301 1503 sequuntur,
1341 1430 1506 1502 justo
1552 1427 1685 1504 plus
1714 1427 1988 1486 Ebrardo
2018 1427 2193 1486 fidem
2226 1429 2437 1488 habuit
2468 1449 2653 1506 eoque
2684 1430 2855 1488 modo

621 1515 782 1574 illius
814 1522 1145 1574 commenta
1191 1515 1253 1574 in
1297 1516 1488 1594 ipsam
1519 1515 1814 1575 Bonifatii
1843 1517 2151 1576 historiam
2197 1518 2547 1577 introduxit.
2639 1519 2855 1594 Itaque

620 1604 890 1682 inprimis
936 1605 1052 1682 ipsi
1097 1605 1385 1664 Wernero
1432 1605 1663 1664 crimini
1708 1605 1967 1665 dandum
2012 1613 2103 1666 est
2118 1651 2133 1681 ‚
2196 1607 2354 1684 quod
2399 1607 2549 1666 falsa
2594 1607 2856 1665 Ebrardi

621 1694 693 1752 de
739 1693 1048 1752 Scotorum
1095 1693 1529 1770 Britonumque
1577 1695 1819 1754 ecclesia
1876 1695 2077 1772 opinio
2138 1697 2257 1754 late
2313 1699 2437 1772 jam
2484 1693 2852 1764 diffunditur,

623 1803 813 1859 neque
859 1782 1146 1842 silendum
1194 1790 1284 1844 est
1330 1784 1507 1843 etiam
1540 1785 1912 1858 Wernerum,
1959 1785 2178 1863 partim
2226 1785 2303 1843 ab
2332 1783 2605 1842 Ebrardo
2650 1783 2712 1840 in
2762 1803 2849 1840 er-

619 1892 812 1930 rorem
871 1871 1174 1930 inductum
1239 1874 1456 1952 partim
1505 1876 1671 1948 justa
1732 1873 1794 1932 in
1848 1880 2083 1934 nostrae
2140 1873 2355 1934 aetatis
2402 1871 2719 1932 catholicos
2761 1871 2851 1928 ira

618 1961 930 2020 incitatum
977 1961 1050 2019 de
1095 1961 1398 2022 Bonifatio
1446 1984 1518 2021 ex
1561 1983 1750 2039 aequo
1796 1984 1915 2022 non
1954 1964 2268 2039 judicasse.
2360 1962 2533 2038 Quod
2564 1981 2633 2020 eo
2666 1960 2853 2037 magis

617 2050 935 2126 lugendum
996 2057 1115 2122 est,
1179 2071 1294 2127 quo
1353 2051 1554 2129 plures
1610 2052 1833 2110 assensi
1878 2059 2016 2111 sunt
2060 2053 2219 2112 illius
2266 2050 2609 2112 sententiae.
2698 2049 2856 2128 Ipsis

620 2139 774 2196 enim
820 2137 963 2198 viris
1007 2138 1375 2212 doctissimis,
1423 2140 1526 2216 qui
1571 2141 1871 2198 volumina
1915 2141 2043 2213 illa,
2092 2161 2243 2217 quae
2288 2141 2692 2200 inscribuntur
2738 2135 2853 2198 Re-

618 2223 1082 2306 alencyclopddie
1125 2227 1240 2310 fiir
1279 2225 1756 2309 protestantische
1819 2225 2123 2308 Theoloyie
2182 2229 2309 2290 und
2352 2225 2577 2290 Κέφαλε
2636 2229 2854 2288 iterum

619 2316 846 2375 edenda
892 2324 1126 2390 curant,
1174 2318 1449 2376 Werneri
1505 2317 1576 2374 de
1621 2317 1927 2377 Bonifatio
1967 2318 2258 2394 judicium
2303 2319 2549 2396 dignum
2598 2338 2723 2377 esse
2769 2317 2854 2378 vi-

620 2426 748 2464 sum
796 2413 901 2477 est,
951 2406 1108 2484 quod
1154 2407 1580 2484 divulgaretur.

795 2495 960 2570 Quae
1016 2517 1145 2555 cum
1207 2497 1294 2556 ita
1349 2502 1574 2570 essent,
1638 2496 2059 2556 examinandae
2090 2496 2366 2556 'Ebrardi
2422 2497 2495 2554 de
2541 2496 2853 2554 Britonum

618 2582 1042 2661 Scotorumque
1119 2586 1364 2646 ecclesia
1433 2587 1765 2647 sententiae
1834 2587 2097 2646 laborem
2115 2631 2129 2660 ,
2207 2606 2381 2663 quem
2440 2606 2549 2644 nec
2608 2585 2856 2644 Bussius

617 2667 1308 2756 (Winfoeid-Bom‘facius
1354 2675 1441 2734 ed.
1489 2697 1540 2734 v.
1573 2672 1836 2736 Scherer.
1888 2679 2061 2754 1880)
2108 2697 2216 2735 nec
2273 2675 2587 2735 Fischerus
2644 2671 2855 2751 (Boni-

599 2759 807 2842 fatius.
844 2763 1010 2838 1881)
1042 2782 1211 2820 suum
1250 2764 1685 2838 judicaverunt,
1730 2764 1875 2823 mihi
1920 2765 2289 2824 subeundum
2336 2785 2461 2824 esse
2506 2764 2742 2840 putavi3
2790 2782 2858 2820 ac

619 2849 852 2927 quidem
897 2870 1016 2907 non
1063 2851 1172 2923 ita,
1221 2858 1291 2910 ut
1336 2851 1637 2910 Geltorum
1689 2853 1964 2910 ecclesiae
2010 2853 2320 2911 historiam
2364 2870 2561 2908 rerum
2606 2850 2853 2924 scripto-

615 2959 747 2996 rum
793 2959 954 2996 more
999 2959 1340 3016 prosequar,
1389 2939 1492 2998 sed
1538 2941 1624 2998 ita
1670 2939 1988 3018 disputabo
2010 2983 2025 3012 ,
2072 2946 2141 2998 ut
2187 2937 2627 2998 adumbrandae
2673 2936 2855 2994 Boni-

615 3027 749 3085 fatii
779 3026 1056 3085 historiae
1087 3029 1402 3087 inserviam
1435 3027 1729 3086 diluendis
1766 3028 1841 3087 iis
1886 3027 2133 3100 fictitiis,
2183 3047 2333 3105 quae
2372 3026 2477 3099 illi,
2525 3025 2619 3083 cui
2650 3031 2853 3084 nostra

619 3136 762 3193 gens
809 3136 1128 3193 cognomen
1175 3117 1456 3176 attribuit
1501 3117 1769 3195 apostolo
1802 3115 2176 3190 Germaniae,
2224 3116 2493 3174 umbram
2538 3115 2781 3174 faciunt.

791 3204 1008 3283 Itaque
1055 3225 1184 3264 cum
1232 3225 1380 3283 opus
1427 3205 1806 3282 aggrederer,
1869 3226 2045 3282 aegre
2090 3205 2234 3280 tuli,
2297 3205 2455 3283 quod
2501 3225 2619 3263 non
2667 3205 2853 3264 solum

615 3293 776 3371 apud
817 3316 923 3353 nos
955 3293 1282 3354 Germanos
1327 3315 1462 3352 raro
1508 3295 1582 3353 de
1612 3295 1933 3354 Britonum
1967 3295 2395 3372 Scotorumque
2442 3295 2687 3354 ecclesia
2734 3293 2855 3351 dis-

617 3388 892 3461 putatum
941 3390 1060 3456 est,
1109 3384 1210 3442 sed
1257 3384 1436 3443 etiam
1483 3384 1642 3460 quod
1694 3419 1769 3428 —
1821 3384 1968 3462 quid
2015 3384 2271 3442 mirum?
2324 3419 2401 3428 —
2450 3383 2512 3455 ii,
2558 3383 2663 3460 qui
2711 3382 2855 3441 alibi

616 3479 853 3530 exstant
870 3516 884 3545 ,
939 3472 1079 3531 libri
1136 3473 1200 3530 in
1262 3475 1617 3533 nostratium
1675 3473 2053 3548 ignoratione
2108 3477 2438 3531 versantur.
2527 3472 2682 3534 Nam
2728 3472 2855 3548 ipse

615 3560 837 3620 Hasius
884 3556 1493 3643 (Kircltenyeschichte.
1547 3565 1632 3620 10.
1676 3559 1831 3644 Affl·
1885 3565 2033 3622 1877
2082 3562 2117 3639 ἓ
2169 3563 2305 3639 134)
2350 3561 2636 3620 librorum
2685 3563 2853 3620 obso-

615 3650 868 3709 letorum
901 3658 961 3710 et
990 3651 1288 3710 inutilium
1319 3652 1516 3728 plures
1563 3657 1891 3724 enumerat,
1941 3671 2118 3728 quam
2164 3652 2573 3711 recentiorum.
2666 3649 2851 3708 Obso-

615 3739 798 3798 letum
848 3747 967 3814 est,
1015 3739 1173 3816 quod
1217 3741 1588 3812 Muenterus,
1639 3740 1732 3798 vir
1777 3739 2174 3814 doctissimus,
2222 3740 2296 3798 de
2342 3746 2606 3799 veterum
2653 3738 2853 3796 Brito-

615 3849 754 3887 num
801 3830 1046 3887 ecclesia
1093 3829 1368 3888 disseruit
1413 3829 1474 3887 in
1532 3824 1729 3888 Theol.
1776 3826 1945 3888 Stud.
1990 3849 2048 3888 u.
2083 3824 2242 3888 Krit.
2280 3830 2447 3899 1833,
2495 3827 2749 3886 obsoleti
2794 3835 2855 3886 et

615 3917 920 3994 Lingardi‚
955 3918 1266 3996 Lanigani,
1300 3917 1630 3977 Schroedlii
1664 3918 1804 3976 libri
1836 3919 2025 3993 (Hase
2057 3919 2095 3975 l.
2128 3920 2219 3995 c.),
2266 3917 2497 3976 inutilis
2529 3923 2727 3976 autem
2760 3924 2851 3977 est

615 4007 863 4087 libellus,
913 4027 1085 4084 quem
1133 4005 1456 4079 Greithius,
1503 4007 1815 4085 episcopus
1864 4007 2281 4084 Sangallensis,
2328 4007 2401 4066 de
2448 4006 2697 4085 antiqua
2742 4007 2851 4064 Hi·

616 4098 928 4155 bernorum
988 4097 1231 4154 ecclesia
1287 4096 1618 4174 composuit
1680 4090 2040 4173 (Gesclzichte
2085 4094 2191 4156 der
2235 4091 2565 4156 altirischen
2611 4091 2850 4156 Kirche.

617 4181 907 4264 Freibury
941 4187 1136 4263 1867).
1230 4185 1346 4244 Sed
1379 4205 1604 4244 summa
1636 4185 1810 4244 laude
1842 4185 2135 4244 efferenda
2180 4194 2285 4260 est,
2335 4206 2513 4264 quam
2542 4183 2851 4244 Ebrardus

615 4295 730 4332 non
756 4276 918 4350 legit,
952 4273 1229 4332 Schoellii
1259 4273 1332 4334 de
1353 4270 1760 4334 ecclesiasticae
1781 4271 2103 4334 Britonum
2134 4273 2551 4356 Scotorumque
2580 4271 2851 4332 historiae

598 4361 866 4443 fontibus
911 4362 1248 4424 dissertatio
1297 4364 1586 4440 (Berolini
1634 4372 1693 4421 et
1737 4364 2015 4422 Londini.
2068 4362 2271 4442 1851)
2318 4383 2533 4440 eaque,
2582 4359 2849 4436 quamvis
