<?xml version="1.0" encoding="UTF-8"?>
<!DOCTYPE html PUBLIC "-//W3C//DTD XHTML 1.0 Transitional//EN"
    "http://www.w3.org/TR/xhtml1/DTD/xhtml1-transitional.dtd">
<html xmlns="http://www.w3.org/1999/xhtml" xml:lang="en" lang="en">
 <head>
  <title>
</title>
<meta http-equiv="Content-Type" content="text/html;charset=utf-8" />
  <meta name='ocr-system' content='tesseract 3.04.00' />
  <meta name='ocr-capabilities' content='ocr_page ocr_carea ocr_par ocr_line ocrx_word'/>
</head>
<body>
  <div class='ocr_page' id='page_1' title='image "./antiquaebritonu02loofgoog_0110.png"; bbox 0 0 3259 5084; ppageno 0'>
   <div class='ocr_carea' id='block_1_1' title="bbox 1503 270 1982 327">
    <p class='ocr_par' dir='ltr' id='par_1_1' title="bbox 1503 270 1982 327">
     <span class='ocr_line' id='line_1_1' title="bbox 1503 270 1982 327; baseline 0 0"><span class='ocrx_word' id='word_1_1' title='bbox 1503 270 1982 327; x_wconf 90' lang='grc'>-102-</span> 
     </span>
    </p>
   </div>
   <div class='ocr_carea' id='block_1_2' title="bbox 514 445 2878 3982">
    <p class='ocr_par' dir='ltr' id='par_1_2' title="bbox 606 445 2875 1680">
     <span class='ocr_line' id='line_1_2' title="bbox 606 445 2872 525; baseline -0.001 -16"><span class='ocrx_word' id='word_1_2' title='bbox 606 450 745 525; x_wconf 71' lang='lat' dir='ltr'><strong>jam</strong></span> <span class='ocrx_word' id='word_1_3' title='bbox 791 448 920 507; x_wconf 90' lang='lat' dir='ltr'><strong>loco</strong></span> <span class='ocrx_word' id='word_1_4' title='bbox 965 447 1282 506; x_wconf 83' lang='lat' dir='ltr'><strong>immutata</strong></span> <span class='ocrx_word' id='word_1_5' title='bbox 1328 445 1497 505; x_wconf 85' lang='lat' dir='ltr'><strong>verbi</strong></span> <span class='ocrx_word' id='word_1_6' title='bbox 1542 446 1976 522; x_wconf 84' lang='lat' dir='ltr'><strong>significatione</strong></span> <span class='ocrx_word' id='word_1_7' title='bbox 2007 445 2232 505; x_wconf 86' lang='lat' dir='ltr'><strong>dictum</strong></span> <span class='ocrx_word' id='word_1_8' title='bbox 2277 447 2376 505; x_wconf 88' lang='lat' dir='ltr'><strong>sit.</strong></span> <span class='ocrx_word' id='word_1_9' title='bbox 2435 446 2590 506; x_wconf 88' lang='lat' dir='ltr'><strong>Nam</strong></span> <span class='ocrx_word' id='word_1_10' title='bbox 2637 446 2741 505; x_wconf 89' lang='lat' dir='ltr'><strong>illa</strong></span> <span class='ocrx_word' id='word_1_11' title='bbox 2773 454 2872 506; x_wconf 87' lang='lat' dir='ltr'><strong>est</strong></span> 
     </span>
     <span class='ocr_line' id='line_1_3' title="bbox 622 534 2865 614; baseline -0.001 -17"><span class='ocrx_word' id='word_1_12' title='bbox 622 537 813 597; x_wconf 87' lang='lat' dir='ltr'><strong>altera</strong></span> <span class='ocrx_word' id='word_1_13' title='bbox 859 534 1297 614; x_wconf 74' lang='lat' dir='ltr'><strong>explanationis</strong></span> <span class='ocrx_word' id='word_1_14' title='bbox 1341 534 1517 595; x_wconf 77' lang='lat' dir='ltr'><strong>ratio,</strong></span> <span class='ocrx_word' id='word_1_15' title='bbox 1590 536 1770 594; x_wconf 86' lang='lat' dir='ltr'><strong>Hanc</strong></span> <span class='ocrx_word' id='word_1_16' title='bbox 1813 535 1930 613; x_wconf 88' lang='lat' dir='ltr'><strong>ipsi</strong></span> <span class='ocrx_word' id='word_1_17' title='bbox 1976 535 2294 612; x_wconf 76' lang='lat' dir='ltr'><strong>scriptores</strong></span> <span class='ocrx_word' id='word_1_18' title='bbox 2339 534 2512 593; x_wconf 88' lang='lat' dir='ltr'><strong>nobis</strong></span> <span class='ocrx_word' id='word_1_19' title='bbox 2557 536 2865 613; x_wconf 86' lang='lat' dir='ltr'><strong>praebent,</strong></span> 
     </span>
     <span class='ocr_line' id='line_1_4' title="bbox 621 622 2870 702; baseline -0.001 -17"><span class='ocrx_word' id='word_1_20' title='bbox 621 634 760 685; x_wconf 81' lang='lat' dir='ltr'><strong>nam</strong></span> <span class='ocrx_word' id='word_1_21' title='bbox 822 626 929 684; x_wconf 86' lang='lat' dir='ltr'><strong>vit.</strong></span> <span class='ocrx_word' id='word_1_22' title='bbox 977 624 1304 702; x_wconf 80' lang='lat' dir='ltr'><strong>Wandreg.</strong></span> <span class='ocrx_word' id='word_1_23' title='bbox 1364 644 1413 683; x_wconf 91' lang='lat' dir='ltr'><strong>c.</strong></span> <span class='ocrx_word' id='word_1_24' title='bbox 1466 622 1577 696; x_wconf 85' lang='lat'><strong>14,</strong></span> <span class='ocrx_word' id='word_1_25' title='bbox 1637 624 1796 683; x_wconf 78' lang='lat' dir='ltr'><strong>Mab.</strong></span> <span class='ocrx_word' id='word_1_26' title='bbox 1842 623 1937 696; x_wconf 92' lang='lat' dir='ltr'><strong>II,</strong></span> <span class='ocrx_word' id='word_1_27' title='bbox 1997 644 2056 701; x_wconf 89' lang='lat' dir='ltr'><strong>p.</strong></span> <span class='ocrx_word' id='word_1_28' title='bbox 2107 624 2228 682; x_wconf 85' lang='lat'><strong>531</strong></span> <span class='ocrx_word' id='word_1_29' title='bbox 2295 623 2567 682; x_wconf 89' lang='lat' dir='ltr'><strong>monachi</strong></span> <span class='ocrx_word' id='word_1_30' title='bbox 2627 624 2870 683; x_wconf 85' lang='lat' dir='ltr'><strong>abbatis</strong></span> 
     </span>
     <span class='ocr_line' id='line_1_5' title="bbox 620 710 2868 791; baseline -0.001 -18"><span class='ocrx_word' id='word_1_31' title='bbox 620 713 792 773; x_wconf 87' lang='lat' dir='ltr'><strong>filioli</strong></span> <span class='ocrx_word' id='word_1_32' title='bbox 846 712 1133 790; x_wconf 88' lang='lat' dir='ltr'><strong>appellati</strong></span> <span class='ocrx_word' id='word_1_33' title='bbox 1192 719 1333 771; x_wconf 87' lang='lat' dir='ltr'><strong>sunt</strong></span> <span class='ocrx_word' id='word_1_34' title='bbox 1379 713 1476 787; x_wconf 91' lang='lat' dir='ltr'><strong>(cf.</strong></span> <span class='ocrx_word' id='word_1_35' title='bbox 1523 732 1705 789; x_wconf 85' lang='lat' dir='ltr'><strong>supra</strong></span> <span class='ocrx_word' id='word_1_36' title='bbox 1749 734 1808 791; x_wconf 89' lang='lat' dir='ltr'><strong>p.</strong></span> <span class='ocrx_word' id='word_1_37' title='bbox 1858 714 1984 787; x_wconf 89' lang='grc'>69).</span> <span class='ocrx_word' id='word_1_38' title='bbox 2077 710 2485 771; x_wconf 77' lang='lat' dir='ltr'><strong>Consimiliter</strong></span> <span class='ocrx_word' id='word_1_39' title='bbox 2546 712 2868 772; x_wconf 85' lang='lat' dir='ltr'><strong>immutata</strong></span> 
     </span>
     <span class='ocr_line' id='line_1_6' title="bbox 624 792 2867 879; baseline -0 -18"><span class='ocrx_word' id='word_1_40' title='bbox 624 809 717 862; x_wconf 85' lang='lat' dir='ltr'><strong>est</strong></span> <span class='ocrx_word' id='word_1_41' title='bbox 761 802 930 861; x_wconf 85' lang='lat' dir='ltr'><strong>verbi</strong></span> <span class='ocrx_word' id='word_1_42' title='bbox 974 801 1143 865; x_wconf 87' lang='lat' dir='ltr'><strong>filioli</strong></span> <span class='ocrx_word' id='word_1_43' title='bbox 1190 792 1545 879; x_wconf 84' lang='lat' dir='ltr'><strong>significatio</strong></span> <span class='ocrx_word' id='word_1_44' title='bbox 1589 800 1654 860; x_wconf 91' lang='lat' dir='ltr'><strong>in</strong></span> <span class='ocrx_word' id='word_1_45' title='bbox 1699 822 1771 860; x_wconf 90' lang='lat' dir='ltr'><strong>ea</strong></span> <span class='ocrx_word' id='word_1_46' title='bbox 1815 800 2172 871; x_wconf 76' lang='lat' dir='ltr'><strong>narratione,</strong></span> <span class='ocrx_word' id='word_1_47' title='bbox 2221 820 2396 878; x_wconf 89' lang='lat' dir='ltr'><strong>quam</strong></span> <span class='ocrx_word' id='word_1_48' title='bbox 2441 821 2514 858; x_wconf 82' lang='lat' dir='ltr'><strong>ex</strong></span> <span class='ocrx_word' id='word_1_49' title='bbox 2558 802 2687 861; x_wconf 84' lang='lat' dir='ltr'><strong>vita</strong></span> <span class='ocrx_word' id='word_1_50' title='bbox 2716 801 2867 860; x_wconf 88' lang='lat' dir='ltr'><strong>Ber·</strong></span> 
     </span>
     <span class='ocr_line' id='line_1_7' title="bbox 624 888 2867 969; baseline -0.001 -18"><span class='ocrx_word' id='word_1_51' title='bbox 624 892 811 952; x_wconf 84' lang='lat' dir='ltr'><strong>charii</strong></span> <span class='ocrx_word' id='word_1_52' title='bbox 855 890 932 969; x_wconf 89' lang='lat' dir='ltr'><strong>(c.</strong></span> <span class='ocrx_word' id='word_1_53' title='bbox 986 893 1093 963; x_wconf 89' lang='grc'><strong>19,</strong></span> <span class='ocrx_word' id='word_1_54' title='bbox 1138 890 1298 949; x_wconf 82' lang='lat' dir='ltr'><strong>Mab.</strong></span> <span class='ocrx_word' id='word_1_55' title='bbox 1345 889 1442 962; x_wconf 91' lang='lat' dir='ltr'><strong>II,</strong></span> <span class='ocrx_word' id='word_1_56' title='bbox 1487 910 1623 948; x_wconf 88' lang='lat' dir='ltr'><strong>ann.</strong></span> <span class='ocrx_word' id='word_1_57' title='bbox 1675 889 1828 962; x_wconf 88' lang='lat'><strong>685,</strong></span> <span class='ocrx_word' id='word_1_58' title='bbox 1887 912 1945 967; x_wconf 88' lang='lat' dir='ltr'><strong>p.</strong></span> <span class='ocrx_word' id='word_1_59' title='bbox 1994 890 2150 967; x_wconf 82' lang='lat'>842)</span> <span class='ocrx_word' id='word_1_60' title='bbox 2205 888 2514 949; x_wconf 84' lang='lat' dir='ltr'><strong>Ebrardus</strong></span> <span class='ocrx_word' id='word_1_61' title='bbox 2570 890 2660 968; x_wconf 86' lang='lat' dir='ltr'><strong>(p.</strong></span> <span class='ocrx_word' id='word_1_62' title='bbox 2710 892 2867 968; x_wconf 89' lang='grc'><strong>218)</strong></span> 
     </span>
     <span class='ocr_line' id='line_1_8' title="bbox 624 977 2869 1058; baseline -0.001 -19"><span class='ocrx_word' id='word_1_63' title='bbox 624 980 969 1058; x_wconf 76' lang='lat' dir='ltr'><strong>desumpsit.</strong></span> <span class='ocrx_word' id='word_1_64' title='bbox 1058 980 1283 1040; x_wconf 87' lang='lat' dir='ltr'><strong>Narrat</strong></span> <span class='ocrx_word' id='word_1_65' title='bbox 1338 978 1493 1037; x_wconf 85' lang='lat' dir='ltr'><strong>enim</strong></span> <span class='ocrx_word' id='word_1_66' title='bbox 1540 978 1668 1037; x_wconf 84' lang='lat' dir='ltr'><strong>vita</strong></span> <span class='ocrx_word' id='word_1_67' title='bbox 1712 977 2098 1037; x_wconf 87' lang='lat' dir='ltr'><strong>Bercharium</strong></span> <span class='ocrx_word' id='word_1_68' title='bbox 2111 1022 2125 1050; x_wconf 93' lang='lat'><strong>,</strong></span> <span class='ocrx_word' id='word_1_69' title='bbox 2191 978 2542 1037; x_wconf 87' lang='lat' dir='ltr'><strong>monachum</strong></span> <span class='ocrx_word' id='word_1_70' title='bbox 2589 1000 2664 1037; x_wconf 79' lang='lat' dir='ltr'><strong>ex</strong></span> <span class='ocrx_word' id='word_1_71' title='bbox 2709 998 2869 1038; x_wconf 89' lang='lat' dir='ltr'><strong>anno</strong></span> 
     </span>
     <span class='ocr_line' id='line_1_9' title="bbox 624 1066 2868 1141; baseline 0 -14"><span class='ocrx_word' id='word_1_72' title='bbox 624 1070 746 1127; x_wconf 89' lang='lat' dir='ltr'><strong>fere</strong></span> <span class='ocrx_word' id='word_1_73' title='bbox 796 1068 941 1141; x_wconf 85' lang='lat'><strong>650,</strong></span> <span class='ocrx_word' id='word_1_74' title='bbox 1003 1066 1281 1127; x_wconf 77' lang='lat' dir='ltr'><strong>abbatem</strong></span> <span class='ocrx_word' id='word_1_75' title='bbox 1342 1068 1728 1138; x_wconf 86' lang='lat' dir='ltr'><strong>Dervensem,</strong></span> <span class='ocrx_word' id='word_1_76' title='bbox 1791 1087 1948 1126; x_wconf 88' lang='lat' dir='ltr'><strong>anno</strong></span> <span class='ocrx_word' id='word_1_77' title='bbox 2010 1066 2137 1125; x_wconf 86' lang='lat'><strong>685</strong></span> <span class='ocrx_word' id='word_1_78' title='bbox 2198 1066 2577 1126; x_wconf 86' lang='lat' dir='ltr'><strong>interfectum</strong></span> <span class='ocrx_word' id='word_1_79' title='bbox 2639 1088 2770 1127; x_wconf 89' lang='lat' dir='ltr'><strong>esse</strong></span> <span class='ocrx_word' id='word_1_80' title='bbox 2829 1088 2868 1127; x_wconf 88' lang='lat' dir='ltr'><strong>a</strong></span> 
     </span>
     <span class='ocr_line' id='line_1_10' title="bbox 624 1152 2866 1238; baseline -0 -22"><span class='ocrx_word' id='word_1_81' title='bbox 624 1157 809 1216; x_wconf 87' lang='lat' dir='ltr'><strong>filiolo</strong></span> <span class='ocrx_word' id='word_1_82' title='bbox 857 1177 980 1230; x_wconf 85' lang='lat' dir='ltr'><strong>suc,</strong></span> <span class='ocrx_word' id='word_1_83' title='bbox 1026 1174 1197 1237; x_wconf 75' lang='lat' dir='ltr'><strong>quem</strong></span> <span class='ocrx_word' id='word_1_84' title='bbox 1242 1154 1316 1215; x_wconf 81' lang='lat' dir='ltr'><strong>de</strong></span> <span class='ocrx_word' id='word_1_85' title='bbox 1359 1174 1527 1215; x_wconf 75' lang='lat' dir='ltr'><strong>sacro</strong></span> <span class='ocrx_word' id='word_1_86' title='bbox 1569 1153 1744 1238; x_wconf 75' lang='lat' dir='ltr'><strong>sonte</strong></span> <span class='ocrx_word' id='word_1_87' title='bbox 1795 1163 2124 1234; x_wconf 77' lang='lat' dir='ltr'><strong>susceptum</strong></span> <span class='ocrx_word' id='word_1_88' title='bbox 2190 1152 2543 1215; x_wconf 71' lang='lat' dir='ltr'><strong>monachum</strong></span> <span class='ocrx_word' id='word_1_89' title='bbox 2585 1174 2705 1215; x_wconf 77' lang='lat' dir='ltr'><strong>esse</strong></span> <span class='ocrx_word' id='word_1_90' title='bbox 2747 1164 2866 1215; x_wconf 79' lang='lat' dir='ltr'><strong>sta·</strong></span> 
     </span>
     <span class='ocr_line' id='line_1_11' title="bbox 622 1241 2868 1327; baseline -0.002 -20"><span class='ocrx_word' id='word_1_91' title='bbox 622 1253 829 1315; x_wconf 65' lang='lat' dir='ltr'><strong>two-at,</strong></span> <span class='ocrx_word' id='word_1_92' title='bbox 874 1253 944 1304; x_wconf 89' lang='lat' dir='ltr'><strong>ut</strong></span> <span class='ocrx_word' id='word_1_93' title='bbox 974 1242 1174 1323; x_wconf 76' lang='lat' dir='ltr'><strong>patris</strong></span> <span class='ocrx_word' id='word_1_94' title='bbox 1218 1241 1496 1325; x_wconf 69' lang='lat' dir='ltr'><strong>sanquine</strong></span> <span class='ocrx_word' id='word_1_95' title='bbox 1537 1264 1752 1303; x_wconf 78' lang='lat' dir='ltr'><strong>manus</strong></span> <span class='ocrx_word' id='word_1_96' title='bbox 1783 1242 2072 1324; x_wconf 70' lang='lat' dir='ltr'><strong>pmprias</strong></span> <span class='ocrx_word' id='word_1_97' title='bbox 2116 1241 2424 1325; x_wconf 79' lang='lat' dir='ltr'><strong>impudens</strong></span> <span class='ocrx_word' id='word_1_98' title='bbox 2447 1241 2624 1327; x_wconf 73' lang='lat' dir='ltr'><strong>filius</strong></span> <span class='ocrx_word' id='word_1_99' title='bbox 2666 1264 2868 1304; x_wconf 81' lang='lat' dir='ltr'><strong>macu-</strong></span> 
     </span>
     <span class='ocr_line' id='line_1_12' title="bbox 625 1332 2870 1409; baseline -0.001 -15"><span class='ocrx_word' id='word_1_100' title='bbox 625 1333 789 1394; x_wconf 75' lang='lat' dir='ltr'><strong>laret.</strong></span> <span class='ocrx_word' id='word_1_101' title='bbox 880 1334 1161 1393; x_wconf 79' lang='lat' dir='ltr'><strong>Profecto</strong></span> <span class='ocrx_word' id='word_1_102' title='bbox 1204 1333 1350 1390; x_wconf 88' lang='lat' dir='ltr'><strong>haec</strong></span> <span class='ocrx_word' id='word_1_103' title='bbox 1395 1332 1640 1391; x_wconf 86' lang='lat' dir='ltr'><strong>tandem</strong></span> <span class='ocrx_word' id='word_1_104' title='bbox 1683 1333 1870 1392; x_wconf 84' lang='lat' dir='ltr'><strong>verba</strong></span> <span class='ocrx_word' id='word_1_105' title='bbox 1914 1332 2192 1392; x_wconf 85' lang='lat' dir='ltr'><strong>videntur</strong></span> <span class='ocrx_word' id='word_1_106' title='bbox 2235 1352 2362 1391; x_wconf 89' lang='lat' dir='ltr'><strong>esse</strong></span> <span class='ocrx_word' id='word_1_107' title='bbox 2409 1333 2649 1405; x_wconf 85' lang='lat' dir='ltr'><strong>idonea,</strong></span> <span class='ocrx_word' id='word_1_108' title='bbox 2712 1354 2870 1409; x_wconf 86' lang='lat' dir='ltr'><strong>quae</strong></span> 
     </span>
     <span class='ocr_line' id='line_1_13' title="bbox 628 1420 2872 1500; baseline -0 -18"><span class='ocrx_word' id='word_1_109' title='bbox 628 1423 1035 1500; x_wconf 82' lang='lat' dir='ltr'><strong>comprobent,</strong></span> <span class='ocrx_word' id='word_1_110' title='bbox 1082 1421 1261 1481; x_wconf 89' lang='lat' dir='ltr'><strong>fuisse</strong></span> <span class='ocrx_word' id='word_1_111' title='bbox 1292 1421 1623 1492; x_wconf 88' lang='lat' dir='ltr'><strong>monachos,</strong></span> <span class='ocrx_word' id='word_1_112' title='bbox 1672 1422 1778 1499; x_wconf 89' lang='lat' dir='ltr'><strong>qui</strong></span> <span class='ocrx_word' id='word_1_113' title='bbox 1821 1440 2036 1480; x_wconf 81' lang='lat' dir='ltr'><strong>uxores</strong></span> <span class='ocrx_word' id='word_1_114' title='bbox 2079 1420 2376 1480; x_wconf 81' lang='lat' dir='ltr'><strong>duxerint.</strong></span> <span class='ocrx_word' id='word_1_115' title='bbox 2440 1420 2558 1480; x_wconf 85' lang='lat' dir='ltr'><strong>Sed</strong></span> <span class='ocrx_word' id='word_1_116' title='bbox 2589 1422 2656 1494; x_wconf 87' lang='lat' dir='ltr'><strong>si,</strong></span> <span class='ocrx_word' id='word_1_117' title='bbox 2705 1422 2872 1499; x_wconf 86' lang='lat' dir='ltr'><strong>quod</strong></span> 
     </span>
     <span class='ocr_line' id='line_1_14' title="bbox 624 1509 2870 1587; baseline 0.001 -18"><span class='ocrx_word' id='word_1_118' title='bbox 624 1510 933 1571; x_wconf 86' lang='lat' dir='ltr'><strong>Ebrardus</strong></span> <span class='ocrx_word' id='word_1_119' title='bbox 979 1509 1197 1581; x_wconf 89' lang='lat' dir='ltr'><strong>omisit,</strong></span> <span class='ocrx_word' id='word_1_120' title='bbox 1244 1510 1477 1586; x_wconf 85' lang='lat' dir='ltr'><strong>legeris,</strong></span> <span class='ocrx_word' id='word_1_121' title='bbox 1524 1530 1678 1586; x_wconf 84' lang='lat' dir='ltr'><strong>quae</strong></span> <span class='ocrx_word' id='word_1_122' title='bbox 1739 1516 2094 1587; x_wconf 88' lang='lat' dir='ltr'><strong>sequuntur,</strong></span> <span class='ocrx_word' id='word_1_123' title='bbox 2155 1510 2420 1569; x_wconf 83' lang='lat' dir='ltr'><strong>invenies</strong></span> <span class='ocrx_word' id='word_1_124' title='bbox 2479 1510 2870 1571; x_wconf 86' lang='lat' dir='ltr'><strong>Bercharium</strong></span> 
     </span>
     <span class='ocr_line' id='line_1_15' title="bbox 625 1595 2875 1680; baseline 0 -22"><span class='ocrx_word' id='word_1_125' title='bbox 625 1600 977 1659; x_wconf 89' lang='lat' dir='ltr'><strong>morientem</strong></span> <span class='ocrx_word' id='word_1_126' title='bbox 1037 1598 1257 1657; x_wconf 82' lang='lat' dir='ltr'><strong>dixisse</strong></span> <span class='ocrx_word' id='word_1_127' title='bbox 1302 1598 1698 1657; x_wconf 85' lang='lat' dir='ltr'><strong>interfectori:</strong></span> <span class='ocrx_word' id='word_1_128' title='bbox 1767 1598 1944 1658; x_wconf 76' lang='lat' dir='ltr'><strong>deum</strong></span> <span class='ocrx_word' id='word_1_129' title='bbox 1999 1596 2130 1669; x_wconf 78' lang='lat' dir='ltr'><strong>tibi,</strong></span> <span class='ocrx_word' id='word_1_130' title='bbox 2178 1596 2453 1678; x_wconf 72' lang='lat' dir='ltr'><strong>frater,</strong></span> <span class='ocrx_word' id='word_1_131' title='bbox 2509 1595 2875 1680; x_wconf 78' lang='lat' dir='ltr'><strong>placabilem</strong></span> 
     </span>
    </p>

    <p class='ocr_par' dir='ltr' id='par_1_3' title="bbox 514 1686 2878 2474">
     <span class='ocr_line' id='line_1_16' title="bbox 514 1686 2870 1773; baseline 0 -26"><span class='ocrx_word' id='word_1_132' title='bbox 514 1686 530 1700; x_wconf 72' lang='grc'><strong>’”</strong></span> <span class='ocrx_word' id='word_1_133' title='bbox 600 1686 754 1773; x_wconf 82' lang='lat' dir='ltr'><strong>fieri</strong></span> <span class='ocrx_word' id='word_1_134' title='bbox 798 1686 1043 1758; x_wconf 74' lang='lat' dir='ltr'><strong>studew,</strong></span> <span class='ocrx_word' id='word_1_135' title='bbox 1092 1706 1232 1763; x_wconf 83' lang='lat' dir='ltr'><strong>ergo</strong></span> <span class='ocrx_word' id='word_1_136' title='bbox 1279 1687 1597 1746; x_wconf 85' lang='lat' dir='ltr'><strong>monachus</strong></span> <span class='ocrx_word' id='word_1_137' title='bbox 1643 1687 1746 1745; x_wconf 89' lang='lat' dir='ltr'><strong>ille</strong></span> <span class='ocrx_word' id='word_1_138' title='bbox 1789 1687 1905 1746; x_wconf 87' lang='lat' dir='ltr'><strong>nisi</strong></span> <span class='ocrx_word' id='word_1_139' title='bbox 1960 1686 2276 1747; x_wconf 83' lang='lat' dir='ltr'><strong>immutata</strong></span> <span class='ocrx_word' id='word_1_140' title='bbox 2321 1688 2639 1747; x_wconf 83' lang='lat' dir='ltr'><strong>verborum</strong></span> <span class='ocrx_word' id='word_1_141' title='bbox 2685 1688 2870 1764; x_wconf 87' lang='lat' dir='ltr'><strong>signi-</strong></span> 
     </span>
     <span class='ocr_line' id='line_1_17' title="bbox 622 1775 2872 1854; baseline 0 -19"><span class='ocrx_word' id='word_1_142' title='bbox 622 1776 898 1836; x_wconf 87' lang='lat' dir='ltr'><strong>ficatione</strong></span> <span class='ocrx_word' id='word_1_143' title='bbox 928 1776 1089 1835; x_wconf 85' lang='lat' dir='ltr'><strong>filius</strong></span> <span class='ocrx_word' id='word_1_144' title='bbox 1120 1782 1181 1835; x_wconf 89' lang='lat' dir='ltr'><strong>et</strong></span> <span class='ocrx_word' id='word_1_145' title='bbox 1211 1775 1428 1834; x_wconf 91' lang='lat' dir='ltr'><strong>filiolus</strong></span> <span class='ocrx_word' id='word_1_146' title='bbox 1451 1775 1761 1835; x_wconf 86' lang='lat' dir='ltr'><strong>Bercharii</strong></span> <span class='ocrx_word' id='word_1_147' title='bbox 1791 1776 2127 1854; x_wconf 84' lang='lat' dir='ltr'><strong>appellatus</strong></span> <span class='ocrx_word' id='word_1_148' title='bbox 2157 1796 2276 1835; x_wconf 90' lang='lat' dir='ltr'><strong>non</strong></span> <span class='ocrx_word' id='word_1_149' title='bbox 2308 1782 2400 1835; x_wconf 90' lang='lat' dir='ltr'><strong>est</strong></span> <span class='ocrx_word' id='word_1_150' title='bbox 2423 1811 2508 1821; x_wconf 92' lang='lat'><strong>—-</strong></span> <span class='ocrx_word' id='word_1_151' title='bbox 2533 1776 2738 1835; x_wconf 88' lang='lat' dir='ltr'><strong>eodem</strong></span> <span class='ocrx_word' id='word_1_152' title='bbox 2772 1778 2872 1837; x_wconf 80' lang='lat' dir='ltr'><strong>vel</strong></span> 
     </span>
     <span class='ocr_line' id='line_1_18' title="bbox 624 1863 2872 1941; baseline -0 -17"><span class='ocrx_word' id='word_1_153' title='bbox 624 1866 805 1925; x_wconf 87' lang='lat' dir='ltr'><strong>simili</strong></span> <span class='ocrx_word' id='word_1_154' title='bbox 852 1864 1044 1936; x_wconf 91' lang='lat' dir='ltr'><strong>mod0,</strong></span> <span class='ocrx_word' id='word_1_155' title='bbox 1090 1884 1207 1941; x_wconf 89' lang='lat' dir='ltr'><strong>quo</strong></span> <span class='ocrx_word' id='word_1_156' title='bbox 1253 1863 1317 1921; x_wconf 88' lang='lat' dir='ltr'><strong>in</strong></span> <span class='ocrx_word' id='word_1_157' title='bbox 1363 1864 1455 1937; x_wconf 90' lang='lat' dir='ltr'><strong>iis,</strong></span> <span class='ocrx_word' id='word_1_158' title='bbox 1502 1884 1656 1941; x_wconf 87' lang='lat' dir='ltr'><strong>quae</strong></span> <span class='ocrx_word' id='word_1_159' title='bbox 1700 1864 2084 1937; x_wconf 89' lang='lat' dir='ltr'><strong>antecedunt,</strong></span> <span class='ocrx_word' id='word_1_160' title='bbox 2143 1864 2620 1924; x_wconf 77' lang='lat' dir='ltr'><strong>sanctimoniales</strong></span> <span class='ocrx_word' id='word_1_161' title='bbox 2675 1865 2872 1925; x_wconf 87' lang='lat' dir='ltr'><strong>eidem</strong></span> 
     </span>
     <span class='ocr_line' id='line_1_19' title="bbox 623 1948 2875 2036; baseline 0 -23"><span class='ocrx_word' id='word_1_162' title='bbox 623 1953 947 2013; x_wconf 89' lang='lat' dir='ltr'><strong>Berchario</strong></span> <span class='ocrx_word' id='word_1_163' title='bbox 1012 1954 1287 2013; x_wconf 87' lang='lat' dir='ltr'><strong>subditae</strong></span> <span class='ocrx_word' id='word_1_164' title='bbox 1330 1948 1559 2036; x_wconf 82' lang='lat' dir='ltr'><strong>filiolae</strong></span> <span class='ocrx_word' id='word_1_165' title='bbox 1616 1954 2000 2033; x_wconf 82' lang='lat' dir='ltr'><strong>appellantur</strong></span> <span class='ocrx_word' id='word_1_166' title='bbox 2057 1954 2135 2011; x_wconf 89' lang='lat' dir='ltr'><strong>ab</strong></span> <span class='ocrx_word' id='word_1_167' title='bbox 2198 1974 2286 2011; x_wconf 90' lang='lat' dir='ltr'><strong>eo.</strong></span> <span class='ocrx_word' id='word_1_168' title='bbox 2378 1952 2498 2012; x_wconf 87' lang='lat' dir='ltr'><strong>Sed</strong></span> <span class='ocrx_word' id='word_1_169' title='bbox 2555 1954 2875 2031; x_wconf 81' lang='lat' dir='ltr'><strong>angustius</strong></span> 
     </span>
     <span class='ocr_line' id='line_1_20' title="bbox 626 2040 2878 2123; baseline 0.001 -22"><span class='ocrx_word' id='word_1_170' title='bbox 626 2044 823 2101; x_wconf 84' lang='lat' dir='ltr'><strong>valere</strong></span> <span class='ocrx_word' id='word_1_171' title='bbox 869 2043 975 2100; x_wconf 92' lang='lat' dir='ltr'><strong>illo</strong></span> <span class='ocrx_word' id='word_1_172' title='bbox 1020 2043 1149 2100; x_wconf 88' lang='lat' dir='ltr'><strong>loco</strong></span> <span class='ocrx_word' id='word_1_173' title='bbox 1196 2047 1344 2119; x_wconf 92' lang='lat' dir='ltr'><strong>puto</strong></span> <span class='ocrx_word' id='word_1_174' title='bbox 1392 2062 1595 2100; x_wconf 89' lang='lat' dir='ltr'><strong>vocem</strong></span> <span class='ocrx_word' id='word_1_175' title='bbox 1639 2040 1748 2099; x_wconf 90' lang='lat' dir='ltr'><strong>filii</strong></span> <span class='ocrx_word' id='word_1_176' title='bbox 1794 2042 1889 2101; x_wconf 77' lang='lat' dir='ltr'><strong>vel</strong></span> <span class='ocrx_word' id='word_1_177' title='bbox 1934 2042 2128 2112; x_wconf 88' lang='lat' dir='ltr'><strong>filioli,</strong></span> <span class='ocrx_word' id='word_1_178' title='bbox 2191 2062 2327 2101; x_wconf 86' lang='lat' dir='ltr'><strong>nam</strong></span> <span class='ocrx_word' id='word_1_179' title='bbox 2387 2041 2534 2100; x_wconf 85' lang='lat' dir='ltr'><strong>illud</strong></span> <span class='ocrx_word' id='word_1_180' title='bbox 2578 2062 2752 2123; x_wconf 79' lang='lat' dir='ltr'><strong>quem</strong></span> <span class='ocrx_word' id='word_1_181' title='bbox 2798 2042 2878 2103; x_wconf 81' lang='lat' dir='ltr'><strong>de</strong></span> 
     </span>
     <span class='ocr_line' id='line_1_21' title="bbox 624 2116 2875 2212; baseline 0 -23"><span class='ocrx_word' id='word_1_182' title='bbox 624 2149 793 2190; x_wconf 79' lang='lat' dir='ltr'><strong>sacro</strong></span> <span class='ocrx_word' id='word_1_183' title='bbox 822 2127 996 2212; x_wconf 82' lang='lat' dir='ltr'><strong>sonte</strong></span> <span class='ocrx_word' id='word_1_184' title='bbox 1038 2138 1369 2211; x_wconf 67' lang='lat' dir='ltr'><strong>susceptum</strong></span> <span class='ocrx_word' id='word_1_185' title='bbox 1414 2136 1525 2188; x_wconf 90' lang='lat' dir='ltr'><strong>etc.</strong></span> <span class='ocrx_word' id='word_1_186' title='bbox 1586 2130 1854 2191; x_wconf 86' lang='lat' dir='ltr'><strong>ostendit</strong></span> <span class='ocrx_word' id='word_1_187' title='bbox 1905 2116 2152 2189; x_wconf 81' lang='lat' dir='ltr'><strong>filiolum</strong></span> <span class='ocrx_word' id='word_1_188' title='bbox 2213 2130 2324 2189; x_wconf 90' lang='lat' dir='ltr'><strong>hoc</strong></span> <span class='ocrx_word' id='word_1_189' title='bbox 2383 2132 2512 2189; x_wconf 89' lang='lat' dir='ltr'><strong>loco</strong></span> <span class='ocrx_word' id='word_1_190' title='bbox 2572 2131 2875 2190; x_wconf 83' lang='lat' dir='ltr'><strong>nominari</strong></span> 
     </span>
     <span class='ocr_line' id='line_1_22' title="bbox 630 2216 2873 2296; baseline 0 -20"><span class='ocrx_word' id='word_1_191' title='bbox 630 2238 785 2290; x_wconf 89' lang='lat' dir='ltr'><strong>eum,</strong></span> <span class='ocrx_word' id='word_1_192' title='bbox 830 2220 998 2293; x_wconf 85' lang='lat' dir='ltr'><strong>cujus</strong></span> <span class='ocrx_word' id='word_1_193' title='bbox 1052 2218 1353 2295; x_wconf 90' lang='lat' dir='ltr'><strong>baptismo</strong></span> <span class='ocrx_word' id='word_1_194' title='bbox 1398 2216 1759 2278; x_wconf 87' lang='lat' dir='ltr'><strong>Bercharius</strong></span> <span class='ocrx_word' id='word_1_195' title='bbox 1812 2238 2064 2296; x_wconf 89' lang='lat' dir='ltr'><strong>sponsor</strong></span> <span class='ocrx_word' id='word_1_196' title='bbox 2115 2218 2487 2279; x_wconf 84' lang='lat' dir='ltr'><strong>interfuerat.</strong></span> <span class='ocrx_word' id='word_1_197' title='bbox 2577 2219 2660 2277; x_wconf 84' lang='lat' dir='ltr'><strong>Et</strong></span> <span class='ocrx_word' id='word_1_198' title='bbox 2713 2220 2873 2277; x_wconf 84' lang='lat' dir='ltr'><strong>hanc</strong></span> 
     </span>
     <span class='ocr_line' id='line_1_23' title="bbox 624 2304 2873 2386; baseline 0 -20"><span class='ocrx_word' id='word_1_199' title='bbox 624 2326 787 2367; x_wconf 79' lang='lat' dir='ltr'><strong>vocis</strong></span> <span class='ocrx_word' id='word_1_200' title='bbox 796 2338 802 2341; x_wconf 49' lang='grc'><strong>·&lt;</strong></span> <span class='ocrx_word' id='word_1_201' title='bbox 853 2304 1021 2365; x_wconf 86' lang='lat' dir='ltr'><strong>filioli</strong></span> <span class='ocrx_word' id='word_1_202' title='bbox 1083 2305 1574 2382; x_wconf 82' lang='lat' dir='ltr'><strong>significationem</strong></span> <span class='ocrx_word' id='word_1_203' title='bbox 1635 2307 1796 2385; x_wconf 86' lang='lat' dir='ltr'><strong>apud</strong></span> <span class='ocrx_word' id='word_1_204' title='bbox 1855 2327 2056 2367; x_wconf 86' lang='lat' dir='ltr'><strong>omnes</strong></span> <span class='ocrx_word' id='word_1_205' title='bbox 2117 2307 2296 2367; x_wconf 84' lang='lat' dir='ltr'><strong>medii</strong></span> <span class='ocrx_word' id='word_1_206' title='bbox 2353 2308 2486 2367; x_wconf 85' lang='lat' dir='ltr'><strong>aevi</strong></span> <span class='ocrx_word' id='word_1_207' title='bbox 2545 2308 2873 2386; x_wconf 86' lang='lat' dir='ltr'><strong>scriptores</strong></span> 
     </span>
     <span class='ocr_line' id='line_1_24' title="bbox 624 2393 2392 2474; baseline 0.001 -20"><span class='ocrx_word' id='word_1_208' title='bbox 624 2414 931 2455; x_wconf 88' lang='lat' dir='ltr'><strong>occurrere</strong></span> <span class='ocrx_word' id='word_1_209' title='bbox 974 2393 1236 2453; x_wconf 82' lang='lat' dir='ltr'><strong>affirmat</strong></span> <span class='ocrx_word' id='word_1_210' title='bbox 1279 2394 1650 2473; x_wconf 81' lang='lat' dir='ltr'><strong>Loeningins</strong></span> <span class='ocrx_word' id='word_1_211' title='bbox 1695 2395 1806 2471; x_wconf 90' lang='lat' dir='ltr'><strong>(II,</strong></span> <span class='ocrx_word' id='word_1_212' title='bbox 1853 2417 1912 2473; x_wconf 90' lang='lat' dir='ltr'><strong>p.</strong></span> <span class='ocrx_word' id='word_1_213' title='bbox 1958 2396 2086 2454; x_wconf 90' lang='grc'><strong>427</strong></span> <span class='ocrx_word' id='word_1_214' title='bbox 2136 2403 2260 2456; x_wconf 91' lang='lat' dir='ltr'><strong>not.</strong></span> <span class='ocrx_word' id='word_1_215' title='bbox 2309 2398 2392 2474; x_wconf 91' lang='grc'><strong>2).</strong></span> 
     </span>
    </p>

    <p class='ocr_par' dir='ltr' id='par_1_4' title="bbox 598 2482 2874 2827">
     <span class='ocr_line' id='line_1_25' title="bbox 802 2482 2873 2562; baseline 0.001 -19"><span class='ocrx_word' id='word_1_216' title='bbox 802 2484 971 2543; x_wconf 87' lang='lat' dir='ltr'><strong>Haec</strong></span> <span class='ocrx_word' id='word_1_217' title='bbox 1030 2483 1103 2542; x_wconf 88' lang='lat' dir='ltr'><strong>de</strong></span> <span class='ocrx_word' id='word_1_218' title='bbox 1162 2482 1424 2542; x_wconf 85' lang='lat' dir='ltr'><strong>Ebrardi</strong></span> <span class='ocrx_word' id='word_1_219' title='bbox 1483 2484 1858 2545; x_wconf 84' lang='lat' dir='ltr'><strong>testimoniis.</strong></span> <span class='ocrx_word' id='word_1_220' title='bbox 1949 2484 2129 2544; x_wconf 85' lang='lat' dir='ltr'><strong>Certo</strong></span> <span class='ocrx_word' id='word_1_221' title='bbox 2190 2485 2415 2545; x_wconf 84' lang='lat' dir='ltr'><strong>leviora</strong></span> <span class='ocrx_word' id='word_1_222' title='bbox 2459 2491 2624 2556; x_wconf 89' lang='lat' dir='ltr'><strong>sunt,</strong></span> <span class='ocrx_word' id='word_1_223' title='bbox 2689 2504 2873 2562; x_wconf 90' lang='lat' dir='ltr'><strong>quam</strong></span> 
     </span>
     <span class='ocr_line' id='line_1_26' title="bbox 598 2572 2872 2653; baseline 0.002 -24"><span class='ocrx_word' id='word_1_224' title='bbox 598 2614 617 2622; x_wconf 67' lang='lat'>„</span> <span class='ocrx_word' id='word_1_225' title='bbox 632 2572 847 2649; x_wconf 89' lang='lat' dir='ltr'><strong>quibus</strong></span> <span class='ocrx_word' id='word_1_226' title='bbox 894 2592 980 2645; x_wconf 89' lang='lat' dir='ltr'><strong>ea,</strong></span> <span class='ocrx_word' id='word_1_227' title='bbox 1030 2591 1181 2649; x_wconf 90' lang='lat' dir='ltr'><strong>quae</strong></span> <span class='ocrx_word' id='word_1_228' title='bbox 1226 2590 1299 2631; x_wconf 83' lang='lat' dir='ltr'><strong>ex</strong></span> <span class='ocrx_word' id='word_1_229' title='bbox 1343 2572 1533 2650; x_wconf 87' lang='lat' dir='ltr'><strong>ipsius</strong></span> <span class='ocrx_word' id='word_1_230' title='bbox 1560 2572 1886 2632; x_wconf 81' lang='lat' dir='ltr'><strong>Columbae</strong></span> <span class='ocrx_word' id='word_1_231' title='bbox 1933 2573 2171 2651; x_wconf 87' lang='lat' dir='ltr'><strong>scriptis</strong></span> <span class='ocrx_word' id='word_1_232' title='bbox 2216 2573 2528 2633; x_wconf 88' lang='lat' dir='ltr'><strong>didicimus</strong></span> <span class='ocrx_word' id='word_1_233' title='bbox 2573 2574 2674 2651; x_wconf 91' lang='lat' dir='ltr'><strong>(cf.</strong></span> <span class='ocrx_word' id='word_1_234' title='bbox 2707 2594 2872 2653; x_wconf 90' lang='lat' dir='ltr'><strong>supr.</strong></span> 
     </span>
     <span class='ocr_line' id='line_1_27' title="bbox 602 2653 2874 2739; baseline 0.001 -18"><span class='ocrx_word' id='word_1_235' title='bbox 602 2681 684 2738; x_wconf 86' lang='lat' dir='ltr'><strong>p.</strong></span> <span class='ocrx_word' id='word_1_236' title='bbox 723 2662 875 2738; x_wconf 92' lang='grc'>100)</span> <span class='ocrx_word' id='word_1_237' title='bbox 906 2660 1231 2734; x_wconf 87' lang='lat' dir='ltr'><strong>diluantur,</strong></span> <span class='ocrx_word' id='word_1_238' title='bbox 1264 2680 1405 2738; x_wconf 81' lang='lat' dir='ltr'><strong>ergo</strong></span> <span class='ocrx_word' id='word_1_239' title='bbox 1452 2661 1719 2722; x_wconf 85' lang='lat' dir='ltr'><strong>dubitari</strong></span> <span class='ocrx_word' id='word_1_240' title='bbox 1764 2681 1882 2720; x_wconf 91' lang='lat' dir='ltr'><strong>non</strong></span> <span class='ocrx_word' id='word_1_241' title='bbox 1927 2667 2143 2739; x_wconf 88' lang='lat' dir='ltr'><strong>potest,</strong></span> <span class='ocrx_word' id='word_1_242' title='bbox 2191 2662 2335 2739; x_wconf 87' lang='lat' dir='ltr'><strong>quin</strong></span> <span class='ocrx_word' id='word_1_243' title='bbox 2383 2661 2694 2722; x_wconf 80' lang='lat' dir='ltr'><strong>Scotorum</strong></span> <span class='ocrx_word' id='word_1_244' title='bbox 2744 2653 2874 2723; x_wconf 87' lang='lat' dir='ltr'><strong>mo·</strong></span> 
     </span>
     <span class='ocr_line' id='line_1_28' title="bbox 626 2749 2498 2827; baseline 0.001 -19"><span class='ocrx_word' id='word_1_245' title='bbox 626 2750 801 2808; x_wconf 89' lang='lat' dir='ltr'><strong>nachi</strong></span> <span class='ocrx_word' id='word_1_246' title='bbox 846 2749 1297 2827; x_wconf 80' lang='lat' dir='ltr'><strong>peregrinantes</strong></span> <span class='ocrx_word' id='word_1_247' title='bbox 1342 2749 1709 2827; x_wconf 81' lang='lat' dir='ltr'><strong>virginitatis</strong></span> <span class='ocrx_word' id='word_1_248' title='bbox 1755 2758 1896 2809; x_wconf 87' lang='lat' dir='ltr'><strong>voto</strong></span> <span class='ocrx_word' id='word_1_249' title='bbox 1940 2751 2164 2809; x_wconf 86' lang='lat' dir='ltr'><strong>fuerint</strong></span> <span class='ocrx_word' id='word_1_250' title='bbox 2207 2750 2498 2811; x_wconf 89' lang='lat' dir='ltr'><strong>obstricti.</strong></span> 
     </span>
    </p>

    <p class='ocr_par' dir='ltr' id='par_1_5' title="bbox 596 2836 2874 3982">
     <span class='ocr_line' id='line_1_29' title="bbox 803 2836 2872 2914; baseline 0.003 -19"><span class='ocrx_word' id='word_1_251' title='bbox 803 2837 1033 2910; x_wconf 77' lang='lat' dir='ltr'><strong>Quodsi</strong></span> <span class='ocrx_word' id='word_1_252' title='bbox 1076 2837 1238 2914; x_wconf 85' lang='lat' dir='ltr'><strong>apud</strong></span> <span class='ocrx_word' id='word_1_253' title='bbox 1282 2836 1494 2897; x_wconf 87' lang='lat' dir='ltr'><strong>Scotos</strong></span> <span class='ocrx_word' id='word_1_254' title='bbox 1538 2854 1742 2899; x_wconf 87' lang='lat' dir='ltr'><strong>omnes</strong></span> <span class='ocrx_word' id='word_1_255' title='bbox 1789 2839 1990 2899; x_wconf 89' lang='lat' dir='ltr'><strong>clerici</strong></span> <span class='ocrx_word' id='word_1_256' title='bbox 2043 2838 2223 2897; x_wconf 90' lang='lat' dir='ltr'><strong>iidem</strong></span> <span class='ocrx_word' id='word_1_257' title='bbox 2279 2839 2550 2899; x_wconf 85' lang='lat' dir='ltr'><strong>monachi</strong></span> <span class='ocrx_word' id='word_1_258' title='bbox 2594 2839 2872 2914; x_wconf 87' lang='lat' dir='ltr'><strong>fuissent,</strong></span> 
     </span>
     <span class='ocr_line' id='line_1_30' title="bbox 624 2924 2867 3002; baseline 0 -18"><span class='ocrx_word' id='word_1_259' title='bbox 624 2924 805 2989; x_wconf 87' lang='lat' dir='ltr'><strong>etiam</strong></span> <span class='ocrx_word' id='word_1_260' title='bbox 863 2924 938 2985; x_wconf 88' lang='lat' dir='ltr'><strong>de</strong></span> <span class='ocrx_word' id='word_1_261' title='bbox 994 2924 1339 2985; x_wconf 89' lang='lat' dir='ltr'><strong>clericorum</strong></span> <span class='ocrx_word' id='word_1_262' title='bbox 1396 2925 1788 2987; x_wconf 84' lang='lat' dir='ltr'><strong>matrimoniis</strong></span> <span class='ocrx_word' id='word_1_263' title='bbox 1851 2927 1997 2986; x_wconf 87' lang='lat' dir='ltr'><strong>satis</strong></span> <span class='ocrx_word' id='word_1_264' title='bbox 2037 2930 2164 3002; x_wconf 86' lang='lat' dir='ltr'><strong>jam</strong></span> <span class='ocrx_word' id='word_1_265' title='bbox 2207 2933 2368 2987; x_wconf 88' lang='lat' dir='ltr'><strong>esset</strong></span> <span class='ocrx_word' id='word_1_266' title='bbox 2411 2927 2652 2987; x_wconf 89' lang='lat' dir='ltr'><strong>dictum.</strong></span> <span class='ocrx_word' id='word_1_267' title='bbox 2741 2926 2867 2986; x_wconf 85' lang='lat' dir='ltr'><strong>Sed</strong></span> 
     </span>
     <span class='ocr_line' id='line_1_31' title="bbox 622 3012 2863 3093; baseline -0.001 -16"><span class='ocrx_word' id='word_1_268' title='bbox 622 3012 805 3077; x_wconf 74' lang='lat' dir='ltr'><strong>dubia</strong></span> <span class='ocrx_word' id='word_1_269' title='bbox 848 3014 993 3072; x_wconf 88' lang='lat' dir='ltr'><strong>haec</strong></span> <span class='ocrx_word' id='word_1_270' title='bbox 1038 3032 1135 3073; x_wconf 87' lang='lat' dir='ltr'><strong>res</strong></span> <span class='ocrx_word' id='word_1_271' title='bbox 1180 3022 1275 3073; x_wconf 88' lang='lat' dir='ltr'><strong>est</strong></span> <span class='ocrx_word' id='word_1_272' title='bbox 1318 3014 1419 3089; x_wconf 86' lang='lat' dir='ltr'><strong>(cf.</strong></span> <span class='ocrx_word' id='word_1_273' title='bbox 1464 3033 1646 3091; x_wconf 87' lang='lat' dir='ltr'><strong>supra</strong></span> <span class='ocrx_word' id='word_1_274' title='bbox 1691 3036 1748 3093; x_wconf 89' lang='lat' dir='ltr'><strong>p.</strong></span> <span class='ocrx_word' id='word_1_275' title='bbox 1798 3017 1878 3073; x_wconf 88' lang='grc'><strong>61</strong></span> <span class='ocrx_word' id='word_1_276' title='bbox 1929 3022 1992 3075; x_wconf 89' lang='lat' dir='ltr'><strong>et</strong></span> <span class='ocrx_word' id='word_1_277' title='bbox 2037 3016 2168 3092; x_wconf 85' lang='grc'><strong>82),</strong></span> <span class='ocrx_word' id='word_1_278' title='bbox 2214 3016 2360 3092; x_wconf 89' lang='lat' dir='ltr'><strong>quin</strong></span> <span class='ocrx_word' id='word_1_279' title='bbox 2405 3018 2587 3076; x_wconf 89' lang='lat' dir='ltr'><strong>etiam</strong></span> <span class='ocrx_word' id='word_1_280' title='bbox 2633 3022 2863 3075; x_wconf 86' lang='lat' dir='ltr'><strong>certum</strong></span> 
     </span>
     <span class='ocr_line' id='line_1_32' title="bbox 606 3103 2872 3180; baseline 0.001 -17"><span class='ocrx_word' id='word_1_281' title='bbox 606 3109 716 3169; x_wconf 15' lang='lat' dir='ltr'><strong>⁴*est</strong></span> <span class='ocrx_word' id='word_1_282' title='bbox 783 3120 1159 3179; x_wconf 84' lang='lat' dir='ltr'><strong>nequaquam</strong></span> <span class='ocrx_word' id='word_1_283' title='bbox 1226 3122 1429 3161; x_wconf 91' lang='lat' dir='ltr'><strong>omnes</strong></span> <span class='ocrx_word' id='word_1_284' title='bbox 1488 3103 1822 3162; x_wconf 88' lang='lat' dir='ltr'><strong>Hiberniae</strong></span> <span class='ocrx_word' id='word_1_285' title='bbox 1897 3103 2140 3163; x_wconf 88' lang='lat' dir='ltr'><strong>clericos</strong></span> <span class='ocrx_word' id='word_1_286' title='bbox 2217 3104 2482 3180; x_wconf 86' lang='lat' dir='ltr'><strong>ejusdem</strong></span> <span class='ocrx_word' id='word_1_287' title='bbox 2549 3104 2872 3165; x_wconf 84' lang='lat' dir='ltr'><strong>strictioris</strong></span> 
     </span>
     <span class='ocr_line' id='line_1_33' title="bbox 624 3190 2863 3272; baseline 0.002 -23"><span class='ocrx_word' id='word_1_288' title='bbox 624 3190 1035 3251; x_wconf 84' lang='lat' dir='ltr'><strong>observantiae</strong></span> <span class='ocrx_word' id='word_1_289' title='bbox 1080 3191 1399 3253; x_wconf 84' lang='lat' dir='ltr'><strong>monachos</strong></span> <span class='ocrx_word' id='word_1_290' title='bbox 1452 3192 1632 3251; x_wconf 88' lang='lat' dir='ltr'><strong>fuisse</strong></span> <span class='ocrx_word' id='word_1_291' title='bbox 1686 3196 1866 3269; x_wconf 88' lang='lat' dir='ltr'><strong>atque</strong></span> <span class='ocrx_word' id='word_1_292' title='bbox 1921 3192 2372 3270; x_wconf 81' lang='lat' dir='ltr'><strong>peregrinantes</strong></span> <span class='ocrx_word' id='word_1_293' title='bbox 2419 3196 2626 3272; x_wconf 88' lang='lat' dir='ltr'><strong>(supra</strong></span> <span class='ocrx_word' id='word_1_294' title='bbox 2671 3214 2728 3271; x_wconf 88' lang='lat' dir='ltr'><strong>p.</strong></span> <span class='ocrx_word' id='word_1_295' title='bbox 2779 3195 2863 3253; x_wconf 86' lang='grc'><strong>61</strong></span> 
     </span>
     <span class='ocr_line' id='line_1_34' title="bbox 622 3277 2872 3356; baseline 0.003 -19"><span class='ocrx_word' id='word_1_296' title='bbox 622 3288 684 3339; x_wconf 89' lang='lat' dir='ltr'><strong>et</strong></span> <span class='ocrx_word' id='word_1_297' title='bbox 731 3281 859 3356; x_wconf 89' lang='grc'><strong>67).</strong></span> <span class='ocrx_word' id='word_1_298' title='bbox 950 3277 1055 3337; x_wconf 84' lang='grc' dir='ltr'><strong>Αιι</strong></span> <span class='ocrx_word' id='word_1_299' title='bbox 1097 3279 1215 3339; x_wconf 90' lang='lat' dir='ltr'><strong>illis</strong></span> <span class='ocrx_word' id='word_1_300' title='bbox 1262 3279 1515 3353; x_wconf 89' lang='lat' dir='ltr'><strong>clericis,</strong></span> <span class='ocrx_word' id='word_1_301' title='bbox 1574 3280 1700 3341; x_wconf 77' lang='lat' dir='ltr'><strong>sive</strong></span> <span class='ocrx_word' id='word_1_302' title='bbox 1745 3281 2020 3340; x_wconf 87' lang='lat' dir='ltr'><strong>monachi</strong></span> <span class='ocrx_word' id='word_1_303' title='bbox 2063 3280 2298 3341; x_wconf 88' lang='lat' dir='ltr'><strong>dicendi</strong></span> <span class='ocrx_word' id='word_1_304' title='bbox 2355 3289 2494 3344; x_wconf 88' lang='lat' dir='ltr'><strong>sunt</strong></span> <span class='ocrx_word' id='word_1_305' title='bbox 2553 3282 2678 3343; x_wconf 68' lang='lat' dir='ltr'><strong>sive</strong></span> <span class='ocrx_word' id='word_1_306' title='bbox 2742 3302 2872 3343; x_wconf 90' lang='lat' dir='ltr'><strong>non</strong></span> 
     </span>
     <span class='ocr_line' id='line_1_35' title="bbox 620 3366 2872 3440; baseline 0.003 -15"><span class='ocrx_word' id='word_1_307' title='bbox 620 3366 883 3440; x_wconf 87' lang='lat' dir='ltr'><strong>dicendi,</strong></span> <span class='ocrx_word' id='word_1_308' title='bbox 928 3367 992 3425; x_wconf 90' lang='lat' dir='ltr'><strong>in</strong></span> <span class='ocrx_word' id='word_1_309' title='bbox 1037 3368 1433 3430; x_wconf 86' lang='lat' dir='ltr'><strong>matrimoniis</strong></span> <span class='ocrx_word' id='word_1_310' title='bbox 1475 3368 1678 3431; x_wconf 74' lang='lat' dir='ltr'><strong>vivere</strong></span> <span class='ocrx_word' id='word_1_311' title='bbox 1729 3368 1990 3429; x_wconf 81' lang='lat' dir='ltr'><strong>licebat?</strong></span> <span class='ocrx_word' id='word_1_312' title='bbox 2051 3368 2170 3428; x_wconf 84' lang='grc' dir='ltr'><strong>Αιι</strong></span> <span class='ocrx_word' id='word_1_313' title='bbox 2224 3370 2364 3429; x_wconf 89' lang='lat' dir='ltr'><strong>inde</strong></span> <span class='ocrx_word' id='word_1_314' title='bbox 2407 3371 2644 3431; x_wconf 87' lang='lat' dir='ltr'><strong>dictum</strong></span> <span class='ocrx_word' id='word_1_315' title='bbox 2690 3377 2784 3431; x_wconf 90' lang='lat' dir='ltr'><strong>est</strong></span> <span class='ocrx_word' id='word_1_316' title='bbox 2831 3392 2872 3431; x_wconf 80' lang='lat' dir='ltr'><strong>a</strong></span> 
     </span>
     <span class='ocr_line' id='line_1_36' title="bbox 600 3452 2870 3560; baseline 0.005 -53"><span class='ocrx_word' id='word_1_317' title='bbox 600 3452 913 3513; x_wconf 71' lang='lat' dir='ltr'><strong>‚Columba</strong></span> <span class='ocrx_word' id='word_1_318' title='bbox 966 3452 1553 3535; x_wconf 64' lang='lat' dir='ltr'><strong>&amp;Hieronymum</strong></span> <span class='ocrx_word' id='word_1_319' title='bbox 1597 3453 1842 3537; x_wconf 58' lang='lat' dir='ltr'><strong>jus-sebee</strong></span> <span class='ocrx_word' id='word_1_320' title='bbox 1903 3456 2204 3537; x_wconf 65' lang='lat' dir='ltr'><strong>episcopos</strong></span> <span class='ocrx_word' id='word_1_321' title='bbox 2269 3456 2496 3519; x_wconf 49' lang='lat' dir='ltr'><strong>imita&amp;</strong></span> <span class='ocrx_word' id='word_1_322' title='bbox 2549 3455 2870 3560; x_wconf 66' lang='lat' dir='ltr'><strong>apostolos,</strong></span> 
     </span>
     <span class='ocr_line' id='line_1_37' title="bbox 598 3538 2874 3627; baseline 0.002 -24"><span class='ocrx_word' id='word_1_323' title='bbox 598 3538 934 3605; x_wconf 47' lang='lat' dir='ltr'><strong>rmonaehos</strong></span> <span class='ocrx_word' id='word_1_324' title='bbox 978 3560 1115 3605; x_wconf 78' lang='lat' dir='ltr'><strong>vero</strong></span> <span class='ocrx_word' id='word_1_325' title='bbox 1156 3544 1420 3605; x_wconf 60' lang='lat' dir='ltr'><strong>docuisse</strong></span> <span class='ocrx_word' id='word_1_326' title='bbox 1462 3544 1627 3627; x_wconf 76' lang='lat' dir='ltr'><strong>sequi</strong></span> <span class='ocrx_word' id='word_1_327' title='bbox 1661 3553 1866 3627; x_wconf 72' lang='lat' dir='ltr'><strong>patres</strong></span> <span class='ocrx_word' id='word_1_328' title='bbox 1898 3544 2226 3626; x_wconf 67' lang='lat' dir='ltr'><strong>perfidos,-</strong></span> <span class='ocrx_word' id='word_1_329' title='bbox 2263 3580 2338 3590; x_wconf 92' lang='lat'><strong>—</strong></span> <span class='ocrx_word' id='word_1_330' title='bbox 2383 3544 2506 3607; x_wconf 81' lang='lat' dir='ltr'><strong>alia</strong></span> <span class='ocrx_word' id='word_1_331' title='bbox 2550 3545 2704 3607; x_wconf 76' lang='lat' dir='ltr'><strong>enim</strong></span> <span class='ocrx_word' id='word_1_332' title='bbox 2747 3566 2874 3607; x_wconf 77' lang='lat' dir='ltr'><strong>esse</strong></span> 
     </span>
     <span class='ocr_line' id='line_1_38' title="bbox 596 3626 2872 3717; baseline 0.001 -23"><span class='ocrx_word' id='word_1_333' title='bbox 596 3639 677 3694; x_wconf 77' lang='lat' dir='ltr'><strong>:et</strong></span> <span class='ocrx_word' id='word_1_334' title='bbox 720 3626 845 3689; x_wconf 84' lang='lat' dir='ltr'><strong>alia</strong></span> <span class='ocrx_word' id='word_1_335' title='bbox 887 3626 1228 3696; x_wconf 56' lang='lat' dir='ltr'><strong>clericorum</strong></span> <span class='ocrx_word' id='word_1_336' title='bbox 1273 3640 1325 3693; x_wconf 75' lang='lat' dir='ltr'><strong>et</strong></span> <span class='ocrx_word' id='word_1_337' title='bbox 1368 3629 1792 3695; x_wconf 72' lang='lat' dir='ltr'><strong>monachorum</strong></span> <span class='ocrx_word' id='word_1_338' title='bbox 1821 3633 2170 3715; x_wconf 76' lang='lat' dir='ltr'><strong>documenta</strong></span> <span class='ocrx_word' id='word_1_339' title='bbox 2211 3643 2264 3695; x_wconf 76' lang='lat' dir='ltr'><strong>et</strong></span> <span class='ocrx_word' id='word_1_340' title='bbox 2291 3632 2459 3717; x_wconf 72' lang='lat' dir='ltr'><strong>lonye</strong></span> <span class='ocrx_word' id='word_1_341' title='bbox 2503 3634 2579 3695; x_wconf 82' lang='lat' dir='ltr'><strong>ab</strong></span> <span class='ocrx_word' id='word_1_342' title='bbox 2621 3634 2872 3697; x_wconf 78' lang='lat' dir='ltr'><strong>invicem</strong></span> 
     </span>
     <span class='ocr_line' id='line_1_39' title="bbox 624 3706 2872 3803; baseline 0.004 -26"><span class='ocrx_word' id='word_1_343' title='bbox 624 3727 902 3798; x_wconf 75' lang='lat' dir='ltr'><strong>separata</strong></span> <span class='ocrx_word' id='word_1_344' title='bbox 962 3721 1082 3803; x_wconf 88' lang='lat' dir='ltr'><strong>(ep.</strong></span> <span class='ocrx_word' id='word_1_345' title='bbox 1140 3722 1208 3794; x_wconf 84' lang='grc'><strong>2,</strong></span> <span class='ocrx_word' id='word_1_346' title='bbox 1265 3743 1322 3798; x_wconf 87' lang='lat' dir='ltr'><strong>p.</strong></span> <span class='ocrx_word' id='word_1_347' title='bbox 1366 3723 1453 3785; x_wconf 86' lang='grc'><strong>26</strong></span> <span class='ocrx_word' id='word_1_348' title='bbox 1504 3720 1629 3797; x_wconf 79' lang='lat' dir='ltr'><strong>D)?</strong></span> <span class='ocrx_word' id='word_1_349' title='bbox 1691 3706 2182 3800; x_wconf 79' lang='lat' dir='ltr'><strong>Peropportunus</strong></span> <span class='ocrx_word' id='word_1_350' title='bbox 2243 3724 2394 3783; x_wconf 88' lang='lat' dir='ltr'><strong>hanc</strong></span> <span class='ocrx_word' id='word_1_351' title='bbox 2457 3716 2872 3801; x_wconf 80' lang='lat' dir='ltr'><strong>quaestionem</strong></span> 
     </span>
     <span class='ocr_line' id='line_1_40' title="bbox 601 3806 2871 3892; baseline 0.003 -23"><span class='ocrx_word' id='word_1_352' title='bbox 601 3806 752 3884; x_wconf 55' lang='lat' dir='ltr'><strong>⁴ipse</strong></span> <span class='ocrx_word' id='word_1_353' title='bbox 798 3806 1089 3870; x_wconf 85' lang='lat' dir='ltr'><strong>Columba</strong></span> <span class='ocrx_word' id='word_1_354' title='bbox 1135 3809 1551 3885; x_wconf 45' lang='lat' dir='ltr'><strong>dijudicavits</strong></span> <span class='ocrx_word' id='word_1_355' title='bbox 1581 3809 1969 3887; x_wconf 84' lang='lat' dir='ltr'><strong>Interrogans</strong></span> <span class='ocrx_word' id='word_1_356' title='bbox 2014 3810 2174 3869; x_wconf 88' lang='lat' dir='ltr'><strong>enim</strong></span> <span class='ocrx_word' id='word_1_357' title='bbox 2221 3810 2578 3889; x_wconf 82' lang='lat' dir='ltr'><strong>Gregorium</strong></span> <span class='ocrx_word' id='word_1_358' title='bbox 2624 3834 2871 3892; x_wconf 86' lang='lat' dir='ltr'><strong>papam,</strong></span> 
     </span>
     <span class='ocr_line' id='line_1_41' title="bbox 620 3897 2874 3982; baseline 0.004 -27"><span class='ocrx_word' id='word_1_359' title='bbox 620 3914 763 3955; x_wconf 83' lang='lat' dir='ltr'><strong>num</strong></span> <span class='ocrx_word' id='word_1_360' title='bbox 808 3902 1117 3975; x_wconf 87' lang='lat' dir='ltr'><strong>oporteret</strong></span> <span class='ocrx_word' id='word_1_361' title='bbox 1169 3918 1413 3957; x_wconf 85' lang='lat' dir='ltr'><strong>munere</strong></span> <span class='ocrx_word' id='word_1_362' title='bbox 1459 3918 1521 3956; x_wconf 86' lang='lat' dir='ltr'><strong>se</strong></span> <span class='ocrx_word' id='word_1_363' title='bbox 1566 3897 1916 3959; x_wconf 84' lang='lat' dir='ltr'><strong>abdicarent</strong></span> <span class='ocrx_word' id='word_1_364' title='bbox 1961 3899 2030 3972; x_wconf 90' lang='lat' dir='ltr'><strong>ii,</strong></span> <span class='ocrx_word' id='word_1_365' title='bbox 2092 3899 2198 3975; x_wconf 89' lang='lat' dir='ltr'><strong>qui</strong></span> <span class='ocrx_word' id='word_1_366' title='bbox 2247 3909 2386 3982; x_wconf 71' lang='lat' dir='ltr'><strong>post</strong></span> <span class='ocrx_word' id='word_1_367' title='bbox 2427 3900 2491 3961; x_wconf 78' lang='lat' dir='ltr'><strong>in</strong></span> <span class='ocrx_word' id='word_1_368' title='bbox 2551 3900 2874 3963; x_wconf 74' lang='lat' dir='ltr'><strong>diaconatu</strong></span> 
     </span>
    </p>
   </div>
   <div class='ocr_carea' id='block_1_3' title="bbox 618 4015 1047 4027">
    <p class='ocr_par' dir='ltr' id='par_1_6' title="bbox 618 4015 1047 4027">
     <span class='ocr_line' id='line_1_42' title="bbox 618 4015 1047 4027; baseline 0 1057"><span class='ocrx_word' id='word_1_369' title='bbox 618 4015 1047 4027; x_wconf 95' lang='lat' dir='ltr'><strong> </strong></span> 
     </span>
    </p>
   </div>
   <div class='ocr_carea' id='block_1_4' title="bbox 598 4067 2874 4425">
    <p class='ocr_par' dir='ltr' id='par_1_7' title="bbox 598 4067 2874 4425">
     <span class='ocr_line' id='line_1_43' title="bbox 621 4067 2874 4140; baseline 0.004 -20"><span class='ocrx_word' id='word_1_370' title='bbox 621 4067 787 4121; x_wconf 80' lang='lat' dir='ltr'><strong>fratri</strong></span> <span class='ocrx_word' id='word_1_371' title='bbox 824 4067 1089 4122; x_wconf 86' lang='lat' dir='ltr'><strong>Emmoni</strong></span> <span class='ocrx_word' id='word_1_372' title='bbox 1130 4068 1584 4123; x_wconf 87' lang='lat' dir='ltr'><strong>commendatum</strong></span> <span class='ocrx_word' id='word_1_373' title='bbox 1624 4086 1771 4135; x_wconf 88' lang='lat' dir='ltr'><strong>esse,</strong></span> <span class='ocrx_word' id='word_1_374' title='bbox 1813 4070 1904 4123; x_wconf 91' lang='lat' dir='ltr'><strong>cui</strong></span> <span class='ocrx_word' id='word_1_375' title='bbox 1943 4074 2077 4123; x_wconf 89' lang='lat' dir='ltr'><strong>tunc</strong></span> <span class='ocrx_word' id='word_1_376' title='bbox 2125 4071 2196 4125; x_wconf 91' lang='lat' dir='ltr'><strong>de</strong></span> <span class='ocrx_word' id='word_1_377' title='bbox 2233 4072 2551 4140; x_wconf 85' lang='lat' dir='ltr'><strong>hospitibus</strong></span> <span class='ocrx_word' id='word_1_378' title='bbox 2591 4074 2874 4129; x_wconf 86' lang='lat' dir='ltr'><strong>institerit</strong></span> 
     </span>
     <span class='ocr_line' id='line_1_44' title="bbox 598 4139 2868 4207; baseline 0.003 -14"><span class='ocrx_word' id='word_1_379' title='bbox 598 4151 772 4203; x_wconf 49' lang='lat' dir='ltr'><strong>sura,</strong></span> <span class='ocrx_word' id='word_1_380' title='bbox 814 4139 1008 4207; x_wconf 87' lang='lat' dir='ltr'><strong>ibique</strong></span> <span class='ocrx_word' id='word_1_381' title='bbox 1050 4139 1199 4193; x_wconf 87' lang='lat' dir='ltr'><strong>forte</strong></span> <span class='ocrx_word' id='word_1_382' title='bbox 1248 4140 1483 4193; x_wconf 82' lang='lat' dir='ltr'><strong>absente</strong></span> <span class='ocrx_word' id='word_1_383' title='bbox 1518 4139 1798 4199; x_wconf 86' lang='lat' dir='ltr'><strong>Emmone</strong></span> <span class='ocrx_word' id='word_1_384' title='bbox 1846 4142 2032 4195; x_wconf 85' lang='lat' dir='ltr'><strong>subito</strong></span> <span class='ocrx_word' id='word_1_385' title='bbox 2072 4142 2191 4197; x_wconf 87' lang='lat' dir='ltr'><strong>vita</strong></span> <span class='ocrx_word' id='word_1_386' title='bbox 2239 4144 2561 4197; x_wconf 84' lang='lat' dir='ltr'><strong>decessisse.</strong></span> <span class='ocrx_word' id='word_1_387' title='bbox 2638 4144 2728 4198; x_wconf 82' lang='lat' dir='ltr'><strong>Ex</strong></span> <span class='ocrx_word' id='word_1_388' title='bbox 2776 4145 2868 4199; x_wconf 87' lang='lat' dir='ltr'><strong>his</strong></span> 
     </span>
     <span class='ocr_line' id='line_1_45' title="bbox 622 4208 2868 4285; baseline 0.004 -23"><span class='ocrx_word' id='word_1_389' title='bbox 622 4208 912 4263; x_wconf 82' lang='lat' dir='ltr'><strong>Ebrardus</strong></span> <span class='ocrx_word' id='word_1_390' title='bbox 938 4210 1126 4278; x_wconf 88' lang='lat' dir='ltr'><strong>coegit</strong></span> <span class='ocrx_word' id='word_1_391' title='bbox 1149 4210 1517 4277; x_wconf 85' lang='lat' dir='ltr'><strong>Adelphium‚</strong></span> <span class='ocrx_word' id='word_1_392' title='bbox 1559 4227 1686 4265; x_wconf 89' lang='lat' dir='ltr'><strong>cum</strong></span> <span class='ocrx_word' id='word_1_393' title='bbox 1713 4210 2087 4265; x_wconf 83' lang='lat' dir='ltr'><strong>Luxoviensis</strong></span> <span class='ocrx_word' id='word_1_394' title='bbox 2115 4214 2445 4267; x_wconf 86' lang='lat' dir='ltr'><strong>monasterii</strong></span> <span class='ocrx_word' id='word_1_395' title='bbox 2471 4215 2868 4285; x_wconf 87' lang='lat' dir='ltr'><strong>discipulus</strong></span> 
     </span>
     <span class='ocr_line' id='line_1_46' title="bbox 600 4276 2868 4375; baseline 0.004 -42"><span class='ocrx_word' id='word_1_396' title='bbox 600 4279 803 4339; x_wconf 77' lang='lat' dir='ltr'><strong>,factus</strong></span> <span class='ocrx_word' id='word_1_397' title='bbox 820 4285 968 4334; x_wconf 88' lang='lat' dir='ltr'><strong>esset</strong></span> <span class='ocrx_word' id='word_1_398' title='bbox 988 4296 1053 4335; x_wconf 91' lang='lat' dir='ltr'><strong>eo</strong></span> <span class='ocrx_word' id='word_1_399' title='bbox 1074 4286 1347 4349; x_wconf 86' lang='lat' dir='ltr'><strong>tempore,</strong></span> <span class='ocrx_word' id='word_1_400' title='bbox 1364 4298 1475 4349; x_wconf 91' lang='lat' dir='ltr'><strong>quo</strong></span> <span class='ocrx_word' id='word_1_401' title='bbox 1486 4276 1690 4335; x_wconf 86' lang='grc' dir='ltr'>Ειιιιιιο</span> <span class='ocrx_word' id='word_1_402' title='bbox 1716 4298 2080 4350; x_wconf 84' lang='lat' dir='ltr'><strong>puerorum</strong></span> <span class='ocrx_word' id='word_1_403' title='bbox 2099 4284 2370 4351; x_wconf 85' lang='lat' dir='ltr'><strong>magister</strong></span> <span class='ocrx_word' id='word_1_404' title='bbox 2391 4289 2516 4338; x_wconf 83' lang='lat' dir='ltr'><strong>erat</strong></span> <span class='ocrx_word' id='word_1_405' title='bbox 2527 4289 2701 4355; x_wconf 89' lang='lat' dir='ltr'><strong>(anno</strong></span> <span class='ocrx_word' id='word_1_406' title='bbox 2714 4286 2868 4375; x_wconf 82' lang='grc'>666),</span> 
     </span>
     <span class='ocr_line' id='line_1_47' title="bbox 598 4352 2592 4425; baseline 0.004 -22"><span class='ocrx_word' id='word_1_407' title='bbox 598 4354 753 4410; x_wconf 56' lang='lat' dir='ltr'><strong>(ante</strong></span> <span class='ocrx_word' id='word_1_408' title='bbox 792 4367 1004 4409; x_wconf 79' lang='lat' dir='ltr'><strong>annum-</strong></span> <span class='ocrx_word' id='word_1_409' title='bbox 1042 4352 1146 4407; x_wconf 82' lang='lat'><strong>620</strong></span> <span class='ocrx_word' id='word_1_410' title='bbox 1180 4355 1377 4405; x_wconf 85' lang='lat' dir='ltr'><strong>natum</strong></span> <span class='ocrx_word' id='word_1_411' title='bbox 1414 4368 1538 4405; x_wconf 89' lang='lat' dir='ltr'><strong>esse</strong></span> <span class='ocrx_word' id='word_1_412' title='bbox 1576 4369 1692 4405; x_wconf 91' lang='lat' dir='ltr'><strong>non</strong></span> <span class='ocrx_word' id='word_1_413' title='bbox 1728 4368 1891 4420; x_wconf 88' lang='lat' dir='ltr'><strong>posse</strong></span> <span class='ocrx_word' id='word_1_414' title='bbox 1929 4352 2026 4421; x_wconf 89' lang='lat' dir='ltr'><strong>(cf.</strong></span> <span class='ocrx_word' id='word_1_415' title='bbox 2067 4352 2306 4419; x_wconf 84' lang='lat' dir='ltr'><strong>Ebrard,</strong></span> <span class='ocrx_word' id='word_1_416' title='bbox 2334 4372 2401 4423; x_wconf 90' lang='lat' dir='ltr'><strong>p.</strong></span> <span class='ocrx_word' id='word_1_417' title='bbox 2441 4354 2592 4425; x_wconf 84' lang='lat'><strong>218).</strong></span> 
     </span>
    </p>
   </div>
   <div class='ocr_carea' id='block_1_5' title="bbox 394 4925 627 5061">
    <p class='ocr_par' dir='ltr' id='par_1_8' title="bbox 394 4925 627 5061">
     <span class='ocr_line' id='line_1_48' title="bbox 394 4925 627 5061; baseline 0 0"><span class='ocrx_word' id='word_1_418' title='bbox 394 4925 627 5061; x_wconf 59' lang='lat' dir='ltr'><strong>..h</strong></span> 
     </span>
    </p>
   </div>
   <div class='ocr_carea' id='block_1_6' title="bbox 627 4992 628 5062">
    <p class='ocr_par' dir='ltr' id='par_1_9' title="bbox 627 4992 628 5062">
     <span class='ocr_line' id='line_1_49' title="bbox 627 4992 628 5062; baseline 0 22"><span class='ocrx_word' id='word_1_419' title='bbox 627 4992 628 5062; x_wconf 95' lang='lat' dir='ltr'><strong> </strong></span> 
     </span>
    </p>
   </div>
  </div>
 </body>
</html>
