3259 5084
1294 263 1729 323 -57-

396 443 751 503 Sanctorum
800 442 1129 500 Hiberniae
1177 442 1280 518 (H.
1314 442 1430 502 and
1464 441 1551 501 St.
1583 430 1670 515 Π,
1707 444 1763 515 2,
1811 463 1868 520 p.
1904 444 2051 515 292,
2101 443 2172 501 cf.
2216 462 2396 520 supra
2434 465 2493 521 p.
2529 441 2637 518 52)

397 532 774 610 conscripsit,
837 552 956 590 non
1012 530 1183 608 fugit.
1276 532 1430 591 Nam
1478 551 1610 590 cum
1658 532 1731 589 de
1775 531 1967 610 primo
2014 531 2369 591 Sanctorum
2414 531 2637 605 ordine,

394 621 497 704 qui
552 629 676 680 erat
731 620 796 680 in
853 629 1110 702 tempore
1154 617 1406 680 Patn'cii
1417 665 1434 690 ,
1495 620 1714 679 dixerit
1760 639 1945 679 unum
2002 629 2179 700 σαριιε
2237 615 2537 680 Che-&stum
2588 628 2641 680 et

395 731 578 770 unum
641 709 849 770 ducem
906 707 1239 769 Patricium
1295 706 1608 780 habebant,
1680 711 1752 768 de
1812 710 2095 783 secundo,
2166 709 2269 786 qui
2316 709 2639 769 Columbae

400 801 766 879 temporibus
813 805 956 873 erat,
1004 800 1088 857 nil
1144 799 1261 858 nisi
1305 819 1513 868 unum,
1575 799 1797 875 inquit,
1860 807 2035 880 eaput
2078 795 2389 870 habebant,
2452 797 2637 858 domi-

394 909 538 948 num
581 897 861 948 nostrum.

574 979 738 1055 Ergo
788 999 908 1036 non
953 977 1100 1036 illud
1155 977 1456 1053 singulare
1515 984 1672 1049 erat,
1721 977 1880 1055 quod
1926 977 2343 1036 monesterium
2391 977 2639 1036 Hiiense

398 1068 804 1148 principatum
853 1067 1147 1145 quendam
1191 1067 1438 1125 tenebat
1482 1066 1544 1124 in
1577 1065 1710 1124 aliis
1742 1065 2130 1139 monasteriis,
2178 1066 2283 1124 sed
2312 1066 2439 1139 hoc,
2482 1066 2640 1143 quod

399 1179 515 1216 non
565 1159 752 1216 solum
783 1157 1068 1214 nonnulla
1115 1157 1175 1214 in
1208 1155 1506 1214 Hibernia·
1533 1156 1907 1228 monasteria,
1949 1154 2053 1214 sed
2085 1162 2297 1215 cuncta
2326 1154 2639 1214 Pictorum

398 1256 562 1307 terra
608 1246 874 1306 Hiiensis
921 1244 1265 1304 monasterii
1310 1245 1519 1304 abbati
1563 1251 1693 1304 erat
1740 1245 2023 1321 subjecta.
2074 1279 2147 1288 —
2184 1245 2393 1321 Neque
2438 1251 2638 1303 tamen

398 1339 509 1396 hoc
555 1336 890 1396 mirandum
939 1341 1053 1408 est,
1117 1355 1256 1393 nam
1300 1335 1377 1392 ab
1423 1355 1542 1393 uno
1587 1335 1691 1392 illo
1754 1333 2111 1393 monasterio
2158 1339 2289 1393 tota
2332 1333 2639 1392 Pictorum

399 1447 544 1504 gens
591 1425 807 1485 sensim
854 1424 1286 1502 paullatimque
1317 1423 1380 1481 in
1411 1425 1753 1483 societatem
1796 1422 2153 1484 christianae
2199 1423 2340 1482 fidei
2384 1443 2637 1482 assume-

399 1518 608 1587 batur,
674 1535 804 1573 cum
865 1514 925 1570 in
988 1513 1284 1572 Hibernia
1343 1519 1552 1590 utpote
1605 1517 1733 1589 jam
1789 1511 2111 1571 christiana
2166 1513 2461 1589 permulta
2519 1532 2638 1569 mo-

399 1605 660 1664 nasteria
705 1623 825 1662 una
869 1602 1192 1680 eademque
1240 1607 1437 1661 aetate
1484 1602 2002 1661 constituerentur.

577 1695 748 1752 Haec
796 1693 866 1750 de
914 1699 1160 1750 externa
1207 1691 1482 1750 ecclesiae
1529 1690 1843 1751 Scotorum
1891 1693 2097 1749 forma.
2176 1691 2349 1750 Nunc
2394 1689 2639 1767 propius

391 1787 515 1859 jam
575 1782 918 1841 accedamus
977 1781 1054 1839 ad
1113 1781 1546 1858 inspiciendum
1607 1780 1885 1839 ecclesiae
1944 1784 2185 1840 statum.
2276 1778 2641 1838 Monasteria

399 1873 682 1930 nonnulla
715 1870 1112 1946 episcopalem
1144 1870 1443 1945 quandam
1475 1886 1677 1928 curam
1708 1869 1770 1926 in
1803 1868 2048 1927 ecclesia
2079 1867 2329 1945 gessisse
2357 1867 2639 1940 vidimus3

399 1960 645 2032 accedit,
695 1959 853 2035 quod
898 1959 1066 2016 Beda
1113 1964 1318 2016 narrat
1362 1959 1436 2016 de
1483 1958 1843 2017 monasterio
1883 1956 2150 2016 Hiiensi:
2196 1954 2404 2015 habere
2447 1964 2643 2015 autem

401 2045 538 2108 solet
596 2045 729 2128 ipsa
787 2044 978 2106 imula
1031 2054 1310 2105 rectorem
1367 2065 1596 2126 semper
1655 2044 1922 2106 abbatem
1988 2043 2413 2125 presbyterum,
2477 2041 2641 2126 eujus

387 2133 527 2217 juri
571 2144 621 2195 et
666 2134 852 2195 omnis
883 2133 1200 2216 provincia
1261 2144 1313 2194 et
1373 2133 1491 2218 ipsi
1547 2135 1721 2196 etiam
1781 2134 2040 2214 epi-seoffl'
2108 2134 2310 2195 ordine
2367 2133 2639 2194 inusitato

400 2225 640 2284 debeant
687 2243 804 2284 esse
849 2220 1110 2304 subjecti,
1159 2220 1342 2303 juoeta
1395 2222 1725 2304 exemplum
1772 2223 1970 2303 primi
2025 2223 2304 2296 doctori-8,
2366 2223 2469 2305 qui
2524 2243 2643 2283 non

398 2313 720 2394 episcopua,
783 2312 887 2373 sed
931 2311 1240 2392 presbyter
1285 2313 1496 2374 exstitit
1561 2323 1612 2374 et
1657 2311 1974 2373 momchus
2022 2314 2103 2391 (h.
2137 2335 2185 2371 e.
2221 2315 2285 2387 3,
2321 2314 2360 2370 4
2394 2315 2428 2389 ξ
2469 2314 2638 2388 160).

401 2403 600 2478 Quid?
668 2403 888 2462 Utrum
935 2403 1236 2479 singulare
1283 2409 1413 2462 erat
1461 2404 1618 2481 quod
1666 2404 1739 2462 de
1786 2402 2145 2461 monasterio
2190 2402 2431 2460 Hiiensi
2474 2401 2644 2458 Beda

399 2498 638 2551 enarrat
703 2492 900 2552 verbis
959 2492 1134 2550 modo
1199 2494 1695 2564 commemoratis,
1768 2511 1843 2549 an
1913 2491 2069 2549 idem
2134 2489 2314 2550 etiam
2376 2489 2521 2547 alibi
2580 2488 2643 2547 in

401 2581 646 2640 ecclesia
677 2579 993 2639 Scotorum
1039 2580 1493 2639 inveniebatur?
1557 2580 1716 2654 Quid
1749 2580 1985 2638 omnino
2028 2578 2415 2654 judicandum
2448 2585 2538 2637 est
2570 2578 2643 2636 de

401 2670 762 2729 auctoritate
792 2669 912 2742 illa,
958 2688 1134 2746 quam
1174 2669 1536 2727 monasteria
1575 2670 1640 2727 in
1682 2668 1924 2728 ecclesia
1956 2668 2269 2728 Scotorum
2299 2666 2641 2727 habebant?

579 2758 972 2817 Perdifficiles
1019 2765 1159 2817 sunt
1203 2757 1314 2816 hae
1363 2757 1760 2834 queestiones,
1810 2778 2029 2834 eaeque
2074 2759 2252 2830 tales,
2308 2757 2381 2816 de
2427 2757 2645 2832 quibus

401 2848 593 2907 adhuc
640 2847 816 2907 hodie
846 2848 963 2906 viri
1010 2847 1169 2906 docti
1215 2847 1454 2905 minime
1501 2847 1892 2907 consentiant.
1956 2847 2089 2922 Qua
2122 2847 2195 2905 de
2227 2867 2403 2905 causa
2447 2848 2641 2905 facere

398 2957 516 2996 non
579 2957 848 3017 possum,
909 2942 978 2995 ut
1035 2937 1095 2994 in
1158 2937 1289 3015 ipsa
1345 2936 1749 3014 disputatione
1807 2936 2099 3015 expressis
2146 2936 2343 2995 verbis
2389 2936 2641 2994 aliorum

403 3026 726 3085 sententias
758 3026 1115 3103 impugnem.
1169 3026 1362 3085 Meam
1394 3026 1594 3104 potius
1617 3027 1776 3086 viam
1809 3025 2160 3105 simpliciter
2190 3045 2529 3104 persequar,
2554 3059 2642 3068 --

399 3115 692 3190 siquidem
736 3135 867 3172 mea
913 3121 1028 3187 est,
1092 3132 1270 3190 quam
1318 3135 1435 3173 non
1496 3115 1873 3187 invenissem,
1935 3115 2047 3173 nisi
2111 3114 2259 3173 alios
2305 3113 2641 3172 habuissem

400 3204 578 3262 duces
624 3203 872 3261 itineris.

579 3292 906 3350 Exordium
954 3311 1024 3350 ex
1071 3292 1191 3349 alto
1237 3296 1508 3368 petamus
1555 3311 1791 3351 necesse
1838 3297 1942 3350 est.
2023 3289 2439 3364 Quaerendum
2486 3289 2641 3347 enim

401 3388 507 3455 est,
540 3403 679 3440 num
715 3381 954 3439 omnino
987 3379 1206 3458 gradus
1240 3380 1620 3440 ecclesiastici
1655 3401 1771 3438 non
1804 3380 2180 3458 reperiantur
2221 3379 2381 3458 apud
2413 3377 2639 3452 Scotos,

401 3492 541 3530 num
589 3490 789 3529 omnes
837 3469 1035 3528 clerici
1067 3471 1328 3548 exceptis
1360 3469 1679 3529 abbatibus
1712 3489 1781 3527 ea
1821 3476 2011 3547 parte,
2060 3475 2352 3546 quatenus
2392 3470 2641 3528 abbates

402 3567 586 3633 erant,
635 3579 808 3637 pares
848 3559 1072 3618 fuerint
1119 3559 1416 3636 dignitate
1462 3559 1616 3618 sicut
1663 3579 1788 3618 mos
1836 3565 1924 3618 est
1969 3558 2428 3616 monachorum?

576 3650 994 3722 Diaconorum,
1042 3648 1114 3706 de
1161 3649 1378 3726 quibus
1408 3649 1666 3727 primum
1698 3647 2009 3708 dicendum
2052 3656 2158 3721 est,
2204 3647 2475 3725 gradum,
2521 3667 2641 3705 non

400 3739 532 3797 dico
596 3758 807 3796 nomen
871 3738 1150 3813 (Ebrard.
1197 3759 1254 3814 p.
1309 3739 1432 3796 180
1483 3741 1655 3815 sqq.),
1720 3737 1879 3817 apud
1936 3736 2143 3797 Scotos
2205 3756 2322 3795 non
2385 3736 2641 3796 defuisse

404 3827 796 3886 Adamnanus
844 3834 936 3886 est
979 3826 1178 3898 testis;
1225 3827 1394 3902 isque
1427 3834 1622 3886 certus
1670 3848 1738 3885 ac
1787 3828 2007 3885 bonus:
2055 3847 2207 3899 nam,
2257 3826 2367 3884 etsi
2414 3827 2641 3904 primus

401 3916 686 3974 abbatum
709 3915 1063 3989 Hiiensium,
1096 3919 1166 3973 ut
1195 3922 1404 3992 postea
1437 3916 1787 3990 videbimus,
1822 3936 1954 3974 cum
1978 3915 2266 3975 Romanis
2296 3915 2641 3974 societatem

403 4085 530 4144 culo
571 4089 811 4157 septimo
861 4088 1184 4157 episcopum
1231 4089 1695 4142 Ardmachanum
1734 4090 2114 4158 principatum
2166 4086 2447 4156 quendam
2495 4085 2639 4139 obti-

399 4162 606 4226 nuisse,
649 4160 798 4227 quod
835 4159 986 4212 idem
1026 4160 1157 4213 inde
1184 4163 1442 4229 apparet,
1485 4160 1640 4228 quod
1665 4178 1809 4214 anno
1837 4161 1939 4216 697
1969 4162 2263 4228 episcopus
2289 4157 2638 4212 Ardmacha-

403 4251 506 4286 nus
549 4232 764 4299 synodo
804 4229 1037 4282 Tarensi
1076 4231 1323 4298 praefuit
1361 4231 1576 4301 (Skene
1602 4229 1681 4294 II,
1711 4249 1765 4300 p.
1805 4233 1946 4302 173).
1998 4231 2111 4284 Sed
2138 4229 2359 4282 saeculo
2401 4229 2640 4297 septimo

403 4310 644 4357 exeunte
684 4301 1052 4355 vetustiorem
1092 4319 1210 4355 esse
1236 4302 1516 4373 insignem
1544 4302 1707 4355 illum
1734 4303 1881 4356 sedis
1906 4301 2343 4356 Ardmachanae
2371 4299 2637 4353 honorem

402 4374 757 4444 comprobari
795 4389 907 4426 non
945 4376 1149 4441 potest.
