3259 5084
1302 1209 1897 1314 Argumentum.

2543 1456 2726 1508 pagina

481 1530 892 1602 Prolegomena
983 1567 2362 1589 ................
2514 1529 2615 1582 1-
2688 1529 2723 1584 8

478 1621 628 1678 Pars
662 1622 877 1679 Priora
914 1622 1233 1680 Britonum
1271 1621 1526 1678 ecclesia
1614 1657 2360 1674 .........
2508 1619 2613 1673 8-
2652 1618 2721 1673 29

583 1709 720 1780 Cap.
819 1710 868 1764 Ι.
910 1710 1000 1766 De
1035 1710 1477 1781 primordiorum
1514 1712 1703 1764 aetate
1802 1746 2359 1763 .......
2506 1707 2612 1762 8-
2655 1709 2721 1762 12

632 1839 666 1866 ,,
778 1798 864 1854 ΙΙ.
904 1798 993 1854 De
1032 1801 1276 1855 secunda
1314 1802 1505 1854 aetate
1543 1796 1885 1867 (450—597)
1986 1834 2363 1850 .....
2476 1798 2613 1852 12-
2655 1798 2723 1853 18

629 1927 662 1955 ,‚
753 1886 871 1951 111.
911 1888 1000 1943 De
1041 1889 1339 1947 Britonum
1375 1889 1435 1942 in
1473 1886 1666 1945 Gallia
1703 1890 1762 1941 et
1786 1883 2066 1956 Hispania
2109 1885 2367 1942 ecclesiis
2478 1885 2614 1940 18—
2655 1887 2726 1942 22

632 2015 665 2042 „
767 1975 872 2030 IV.
911 1975 1000 2030 De
1036 1978 1210 2031 tertia
1248 1980 1435 2031 aetate
1474 1975 1678 2046 (597—
1718 1991 1801 2028 ca.
1841 1973 1975 2044 800)
2071 2012 2084 2027 .
2162 2011 2176 2027 .
2253 2012 2266 2028 .
2344 2014 2357 2029 .
2468 1973 2609 2028 22-
2653 1975 2724 2032 29

476 2065 632 2122 Pars
667 2065 1009 2136 posteriora
1046 2065 1315 2122 Ecclesia
1350 2066 1616 2124 Hiberae
1632 2065 1987 2122 -sootorum
2074 2103 2088 2118 .
2166 2101 2179 2117 .
2257 2101 2271 2118 .
2348 2103 2361 2117 .
2473 2064 2723 2119 29-114

585 2153 724 2223 Cap.
824 2153 873 2210 I.
911 2153 1001 2209 De
1037 2155 1365 2224 primordiis
1441 2194 1453 2208 .
1530 2195 1544 2211 .
1620 2195 1635 2210 .
1712 2194 1725 2208 .
1789 2197 1797 2206 .
1803 2191 2361 2208 .......
2474 2152 2613 2208 30-
2654 2155 2724 2210 53

629 2281 663 2308 „
786 2242 866 2308 II.
904 2241 993 2306 De
1031 2245 1280 2301 secunda
1317 2247 1508 2298 aetate
1535 2280 2363 2301 ..........
2475 2242 2727 2298 53-114

691 2332 724 2402 g
765 2333 815 2387 1.
856 2330 948 2386 De
987 2331 1265 2388 Columba
1302 2331 1532 2386 Hiiensi
1625 2368 2363 2388 .........
2475 2331 2612 2386 53—
2654 2332 2727 2388 73

689 2421 722 2492 §
760 2421 810 2476 2.
851 2419 941 2475 De
980 2420 1583 2489 Nordanhymbrorum
1623 2419 1864 2475 ecclesia
1895 2459 2361 2477 ......
2473 2421 2612 2477 73-
2652 2421 2726 2477 89

691 2510 726 2585 ξ
767 2511 816 2566 3.
856 2508 946 2564 De
985 2509 1170 2564 Scottis
1208 2508 1729 2580 peregrinantibus,
1786 2509 1857 2563 de
1897 2507 2174 2564 Columba
2208 2509 2399 2567 Luxo-

862 2597 1044 2652 viensi
1081 2601 1140 2654 et
1177 2597 1249 2651 de
1287 2597 1407 2665 ejus
1445 2597 1740 2665 discipulis
1802 2637 2362 2658 .......
2471 2601 2725 2656 89-114

479 2683 781 2740 Conclusio
804 2723 2357 2743 ..................
2424 2690 2727 2746 -114—120
