3259 5084
3 4864 5 4889 .-„
3 4846 6 4854 -ψ
3 4558 11 4827 Ἴπτ-ὴ-Ίν--
3 4439 7 4550 -—-‡—m
3 4406 9 4427 ->
3 4356 6 4399 —-—‹
3 4279 7 4345 .„--.,-
3 4248 6 4269 -«
3 4178 6 4209 --

1523 241 1966 300 -24-...

629 427 710 503 (h.
758 446 806 484 e.
860 427 912 498 1,
967 425 1044 482 12
1093 424 1204 500 sq.)
1273 457 1345 466 --
1416 421 1771 500 praecipuus
1833 418 2001 478 testis
2062 425 2152 478 est
2198 415 2651 478 -consuetudinis
2710 415 2866 475 inter

626 515 1038 574 Britonumet
1067 512 1468 572 Romanorum
1502 509 1793 582 ecclesias,
1842 508 2063 586 quippe
2109 507 2211 584 qui
2258 507 2617 566 mentionem
2662 505 2867 564 fecerit

626 606 702 664 de
750 603 1048 662 Germano
1099 623 1133 660 a
1179 599 1515 660 Coelestino
1569 619 1728 676 papa
1782 598 1844 656 in
1889 597 2271 656 Britanniam
2314 596 2539 655 misso?
2607 595 2866 654 Minime.

630 695 950 769 Quousque
1011 691 1167 749 enim
1238 689 1432 749 abiret
1495 687 1821 748 historialis
1892 685 2204 764 diligentia
2264 686 2314 756 si
2374 687 2557 744 verba
2618 690 2687 743 ut
2746 703 2866 756 „no

629 801 734 844 one
779 801 888 840 can
943 779 1090 839 read
1149 775 1240 838 the
1297 775 1487 838 war-ks
1545 775 1619 859 of
1652 773 1913 858 Prosper
1967 773 2203 835 without
2258 773 2531 855 ηοτίοἱηρ,
2598 770 2721 832 that
2778 769 2867 831 his

629 868 788 952 chief
807 865 985 950 object
1014 888 1136 926 was
1167 876 1224 928 to
1253 865 1520 950 maynffy
1549 863 1641 925 the
1678 865 2040 946 importance
2085 861 2153 946 of
2189 861 2283 923 the
2312 860 2555 946 Popacy
2586 863 2866 940 (Warren

627 979 684 1036 p.
735 960 844 1034 32)
891 953 1104 1016 idonea
1151 964 1374 1030 essent,
1439 955 1653 1032 quibus
1700 955 1773 1013 de
1821 955 2013 1013 medio
2058 955 2371 1012 tolleretur
2416 954 2494 1026 is,
2558 953 2659 1030 qui
2714 971 2865 1009 unus

631 1054 826 1108 exstat
872 1047 1128 1124 scriptor
1173 1045 1434 1123 aequalis
1479 1065 1667 1123 paene
1712 1044 1806 1116 iis,
1851 1044 1923 1102 de
1970 1043 2184 1120 quibus
2230 1063 2386 1102 nunc
2427 1042 2641 1120 agitur,
2688 1042 2865 1100 rebus

628 1136 856 1215 gestis?
922 1135 1171 1207 Dicant,
1238 1134 1336 1212 qui
1399 1133 1700 1211 Prospero
1759 1132 1934 1190 fidem
1993 1133 2215 1191 habere
2274 1131 2578 1204 dubitant,
2646 1131 2865 1202 dicant,

631 1245 943 1303 quemnam
1001 1229 1216 1302 putent
1275 1223 1546 1300 dignum,
1617 1221 1711 1279 cui
1764 1221 1911 1280 fides
1964 1221 2281 1280 tribuatur.
2374 1219 2477 1279 An
2539 1225 2693 1292 erat,
2765 1218 2867 1295 qui

629 1313 838 1374 melius
883 1312 1140 1372 scribere
1186 1317 1387 1390 posset
1431 1311 1505 1369 de
1551 1310 1977 1370 consuetudine
2010 1311 2167 1369 inter
2197 1309 2475 1368 Britones
2506 1315 2569 1368 et
2596 1309 2866 1380 Romam,

629 1423 806 1480 quam
837 1401 1185 1480 Prosperae,
1231 1405 1442 1480 utpote
1474 1400 1577 1478 qui
1609 1400 1959 1459 secretarius
1993 1404 2145 1458 esset
2176 1399 2397 1458 Leonis
2438 1419 2629 1477 papae
2660 1397 2867 1456 eodem

628 1493 758 1571 ipso
806 1511 988 1564 anno,
1051 1510 1168 1567 quo
1225 1491 1497 1550 ultimum
1557 1489 1717 1548 illius
1764 1486 2203 1548 consuetudinis
2248 1487 2652 1546 testimonium
2696 1486 2867 1546 nobis

629 1579 928 1640 occurrit?
999 1579 1118 1638 Sed
1177 1580 1239 1638 id
1298 1580 1514 1656 ipsum,
1577 1579 1737 1655 quod
1796 1579 2035 1637 annales
2096 1576 2410 1636 Cambriae
2470 1577 2737 1635 referunt
2796 1575 2868 1635 de

628 1677 979 1729 commutato
1023 1688 1156 1728 cum
1201 1689 1376 1749 papa
1417 1664 1615 1728 Leone
1663 1663 1948 1747 paschate
1962 1712 1979 1737 ,
2047 1666 2399 1725 Warrenius
2415 1710 2430 1741 ‚
2498 1666 2613 1724 nisi
2675 1666 2866 1736 fallor,

629 1758 892 1830 reticuit,
963 1757 1172 1816 dubito
1219 1779 1295 1816 an
1343 1758 1414 1816 de
1461 1756 1780 1829 industria,
1850 1778 1988 1815 nam
2044 1776 2233 1833 neque
2290 1755 2591 1814 annalium
2646 1754 2710 1812 in
2756 1753 2867 1810 hac

628 1869 693 1907 re
737 1847 884 1906 fides
931 1853 990 1906 et
1035 1847 1358 1906 auctoritas
1405 1848 1500 1921 (cf.
1548 1847 1628 1905 H.
1677 1845 1793 1904 and
1840 1845 1928 1905 St.
1976 1845 2026 1914 I,
2074 1867 2131 1923 p.
2171 1844 2294 1903 152
2344 1847 2490 1921 not.)
2537 1863 2729 1920 neque
2774 1862 2868 1900 res

628 1936 757 2014 ipsa
789 1936 1026 1996 videtur
1056 1956 1228 2015 posse
1275 1936 1476 1995 vocari
1520 1935 1581 1994 in
1628 1935 2107 1995 dubitationem-
2147 1933 2247 1992 An
2293 1933 2509 1992 mirum
2556 1939 2663 2006 est,
2709 1931 2868 2008 quod

628 2025 986 2103 imperatore
1011 2021 1436 2086 Valentiniano
1482 2023 1603 2082 III.
1651 2025 1795 2096 Le0‚
1844 2023 2199 2083 clarissimus
2244 2023 2344 2082 ille
2392 2023 2699 2101 episcopus
2747 2021 2866 2079 Ro-

628 2133 838 2174 manus
848 2157 864 2186 ‚
926 2112 1329 2190 principatum
1375 2114 1618 2171 tenebat
1665 2114 1727 2170 in
1776 2113 2019 2172 ecclesia
2064 2113 2380 2172 Britonum
2397 2157 2411 2186 ,
2474 2112 2576 2189 qui
2622 2132 2689 2170 eo
2736 2111 2867 2188 ipso

629 2221 782 2260 anno
832 2200 988 2272 445,
1059 2220 1174 2277 quo
1225 2200 1711 2260 Valentinianum
1774 2201 2032 2260 edietum
2096 2220 2265 2258 suum
2326 2201 2596 2259 omnibus
2662 2205 2865 2256 notum
2930 2209 2933 2215 '

627 2290 880 2350 edidisse
929 2295 1186 2362 constat,
1248 2289 1498 2367 imperio
1554 2289 1827 2348 Romano
1884 2289 2137 2364 subjecti
2192 2309 2317 2347 esse
2372 2310 2490 2348 non
2542 2291 2667 2365 jam
2714 2286 2863 2344 desi-

629 2379 843 2439 erant?
913 2378 1105 2437 Immo
1157 2379 1614 2456 persuadeamus
1662 2379 1832 2437 nobis
1876 2379 2103 2456 primae
2148 2377 2364 2436 aetatis
2410 2377 2728 2436 Britonum
2776 2395 2865 2433 ec·

627 2469 864 2528 clesiam
910 2468 982 2526 de
1029 2469 1288 2546 primatu
1333 2468 1593 2526 Romani
1638 2467 1935 2546 pontificis
1982 2462 2157 2526 aliter
2184 2487 2329 2524 -non
2388 2467 2636 2526 sensisse
2682 2471 2865 2540 atque

629 2565 853 2618 ceteras
898 2557 1278 2617 occidentalis
1324 2556 1560 2634 imperii
1605 2557 1959 2636 provincias.
2046 2555 2281 2615 Gildae·
2310 2576 2453 2615 vero
2498 2554 2865 2633 temporibus

627 2648 849 2706 nullam
895 2646 1244 2706 Britonibus
1291 2667 1422 2705 cum
1465 2646 1755 2706 Romanis
1798 2646 2283 2706 necessitudinem
2332 2645 2512 2704 fuisse
2550 2644 2867 2702 Warrenio

627 2736 882 2795 libenter
927 2737 1198 2809 concedo,
1247 2736 1350 2794 sed
1397 2735 1540 2812 quid
1587 2737 1660 2794 de
1704 2737 1815 2796 hac
1861 2757 1923 2794 re
1965 2735 2350 2812 judicandum
2398 2735 2477 2793 sit
2521 2752 2701 2812 supra
2741 2736 2867 2808 jam

629 2824 1081 2883 commemoravi
1127 2827 1208 2902 (p.
1264 2827 1388 2900 17).
1483 2825 1651 2898 Quae
1699 2846 1829 2883 cum
1875 2825 1965 2884 ita
1996 2825 2147 2896 sint,
2197 2844 2315 2882 non
2360 2823 2659 2896 habemus,
2708 2822 2867 2900 quod

626 2911 908 2971 Britones
962 2912 1210 2971 ineunte
1263 2913 1496 2972 saeculo
1551 2915 1805 2991 septimo
1862 2913 2106 2972 infestos
2167 2912 2346 2972 fuisse
2394 2919 2667 2989 putemus
2715 2911 2865 2989 epis·

629 3020 774 3079 copo
821 3000 1110 3059 Romam.

803 3090 1052 3166 Rejecta
1105 3090 1293 3168 igitur
1337 3091 1633 3150 sententia
1680 3111 1907 3162 eorum,
1979 3091 2083 3169 qui
2125 3090 2399 3166 judicant
2451 3091 2594 3168 fuga
2647 3089 2867 3167 princi-

627 3186 804 3258 patus
848 3179 1107 3238 Romani
1153 3180 1418 3258 episcopi
1473 3181 1695 3238 factum
1754 3199 1903 3253 esse,
1964 3187 2034 3239 ut
2079 3178 2363 3240 Britones
2418 3180 2489 3238 de
2538 3178 2867 3256 Augustini

626 3269 943 3348 postulatis
989 3275 1356 3342 recusarent,
1405 3269 1481 3328 ad
1526 3275 1792 3329 nostram
1838 3269 2145 3330 redeamus
2194 3271 2621 3346 quaestionem,
2666 3274 2866 3327 utrum

625 3378 825 3417 amore
870 3378 1097 3416 morum
1145 3364 1527 3436 paternorum
1579 3359 1853 3418 commoti
1896 3359 2175 3419 Britones
2222 3359 2527 3417 renuerint
2571 3378 2689 3416 una
2736 3377 2866 3415 cum

626 3444 970 3522 Augustino
1017 3449 1263 3506 verbum
1295 3448 1390 3506 dei
1421 3446 1757 3508 Saxonibus
1804 3449 2144 3527 praedicare
2190 3469 2265 3507 an
2311 3447 2611 3506 noluerint
2656 3443 2867 3523 priscis

627 3534 904 3594 abdicare
961 3536 1249 3611 moribus,
1313 3537 1451 3614 quia
1497 3537 1899 3596 abhorrebant
1945 3558 1980 3594 a
2028 3536 2449 3596 consuetudine
2504 3557 2634 3594 cum
2683 3534 2863 3594 Saxo-

626 3623 818 3683 nibus.
909 3625 1118 3703 Neque
1172 3629 1298 3702 jam
1358 3626 1502 3703 quid
1561 3625 2023 3704 respondeamus
2078 3626 2320 3684 dubium
2368 3631 2487 3699 est,
2549 3631 2868 3703 postquam

625 3713 882 3772 vidimus
937 3735 1130 3792 neque
1185 3715 1246 3774 in
1303 3713 1557 3774 Gallicia
1612 3735 1805 3791 neque
1861 3714 1925 3773 in
1961 3715 2173 3774 Gallia
2226 3715 2475 3774 similem
2532 3715 2605 3774 de
2660 3714 2868 3792 iisdem
2910 3731 2923 3740 ·

627 3803 892 3862 moribus
949 3809 1139 3862 ortam
1199 3825 1321 3862 esse
1380 3803 1843 3862 controversiam
1890 3810 2071 3881 atque
2117 3805 2181 3864 in
2227 3805 2557 3864 Britannia.
2652 3804 2868 3863 Odium

628 3891 691 3950 in
739 3889 1032 3965 Saxones,
1098 3891 1256 3968 quod
1315 3891 1535 3968 gentile
1597 3899 1729 3952 erat
1774 3893 2147 3965 Britonibus,
2208 3893 2585 3969 praecipuam
2634 3899 2867 3953 contro-

625 3981 854 4039 versiae
901 4000 1133 4040 causam
1181 3980 1360 4040 fuisse
1405 3980 1466 4038 in
1498 3981 1818 4040 Britannia
1850 3983 2224 4041 manifestum
2274 4001 2398 4040 esse
2444 3981 2587 4039 mihi
2630 3983 2869 4042 videtur

629 4069 810 4144 (idem
857 4071 1042 4129 sensit
1089 4069 1279 4129 Varin
1327 4076 1496 4128 mem.
1532 4073 1588 4143 2,
1638 4091 1692 4147 p.
1728 4072 1853 4129 227
1888 4074 2059 4148 sqq.).
2152 4070 2377 4130 Priscis
2424 4071 2697 4130 abdicare
2744 4089 2863 4127 mo-

625 4157 792 4216 ribus
853 4177 970 4216 non
1031 4159 1145 4217 alio
1211 4158 1451 4217 consilio
1511 4159 1628 4219 nisi
1688 4165 1757 4218 ut
1809 4160 2149 4220 societatem
2208 4161 2593 4220 christianam
2646 4159 2865 4216 inirent

625 4265 756 4303 cum
818 4245 1118 4304 Saxonum
1180 4253 1358 4323 gente
1419 4249 1678 4306 omnium
1740 4249 1992 4306 maxime
2054 4249 2169 4306 sibi
2228 4250 2449 4323 invisa,
2506 4250 2613 4306 hoc
2660 4244 2865 4303 durius

625 4340 768 4408 erat,
817 4354 994 4414 quam
1043 4336 1200 4414 quod
1245 4335 1446 4396 odium
1493 4337 1622 4395 fieri
1670 4338 1904 4396 sineret.
1968 4335 2437 4398 Acerbissimum
2484 4337 2636 4394 enim
2682 4332 2867 4393 fuisse
