3259 5084
1283 247 1713 316 ...17-2.

380 436 556 508 aliam
605 435 783 498 fuisse
831 435 1009 515 apud·
1034 436 1314 495 Britones
1359 440 1538 512 atque
1585 435 1761 508 alibi,
1822 456 1959 494 nam
2016 428 2325 520 „sam'g'ficii
2376 427 2624 500 coelestis

381 525 577 586 sede-§⁶
610 527 790 586 etiam
822 524 1035 584 Gildas
1078 525 1294 583 altaria
1326 524 1609 584 nominat.
1635 523 1661 559 ¹
1721 524 1967 583 Ritibus
1998 531 2195 584 autem
2228 526 2625 604 singularibus

381 623 561 691 atque
606 614 1006 694 peculiaribus
1032 614 1318 688 *Britones
1365 633 1500 672 usos
1547 633 1673 674 esse
1719 613 1781 670 in
1828 615 2184 692 peragendis
2232 617 2622 676 eucharistiae

381 705 740 764 solemnibus
799 709 1011 781 putare
1071 703 1228 762 licet.
1319 701 1395 760 In
1456 703 1548 761 his
1610 702 1929 762 verisimile
1992 710 2081 762 est
2126 703 2405 764 Britones
2460 706 2624 764 adhi-

379 793 574 852 buisse
620 808 834 873 panem
881 812 1000 850 non
1047 793 1481 850 fermentatum.
1571 791 1959 868 Diillingerus
2019 792 2255 868 quidem
2322 814 2451 852 cum
2511 794 2623 854 hoc

381 881 640 940 affirmat
663 877 1024 958 (Geschichte
1053 880 1158 940 der
1187 876 1546 940 christlichen
1577 875 1817 940 Kirche.
1878 875 2196 941 Landshut
2212 884 2377 955 1833,
2399 903 2469 961 p.
2486 885 2622 960 217)

379 970 598 1049 spuriis
630 970 844 1030 Gildae
878 969 1076 1029 verbis
1117 971 1350 1044 nititur,
1398 974 1550 1046 quae
1596 990 1752 1028 nunc
1800 975 2039 1028 exstant
2084 969 2243 1048 apud
2273 971 2354 1030 H.
2386 972 2505 1030 and
2534 971 2623 1031 St.

379 1059 430 1133 I,
477 1082 534 1138 p.
589 1061 710 1118 112
761 1081 848 1136 sq.
896 1061 992 1136 (cf.
1040 1059 1120 1117 H.
1168 1060 1287 1118 and
1333 1058 1421 1118 St.
1466 1058 1517 1132 I,
1565 1079 1622 1136 p.
1677 1057 1800 1116 108
1848 1055 2037 1135 not*),
2102 1079 2210 1118 nec
2267 1066 2469 1118 tamen
2530 1082 2624 1120 res

378 1149 510 1226 ipsa
555 1150 762 1226 negari
809 1154 1006 1225 potest
1053 1149 1150 1223 (cf.
1181 1148 1454 1222 warren,
1485 1169 1544 1226 p.
1582 1149 1703 1206 131
1744 1148 1917 1223 sqq.).
2010 1145 2129 1206 Sed
2178 1149 2319 1224 quid
2368 1149 2623 1208 mirum?

377 1237 601 1296 Errare
646 1237 1060 1314 Dollingerum
1106 1238 1216 1296 hoc
1264 1237 1570 1316 proprium
1622 1236 1805 1296 fuisse
1853 1236 2171 1296 Britonum
2228 1237 2622 1298 affirmantem

378 1326 730 1385 Warrenius
762 1328 823 1402 (l.
857 1331 932 1403 c.)
979 1326 1461 1386 luculentissimis
1490 1324 1845 1386 testimoniis
1878 1326 2327 1400 demonstravit,
2376 1328 2625 1387 eundem

379 1437 599 1474 morem
647 1422 708 1475 et
753 1415 900 1474 alibi
945 1422 1008 1474 et
1039 1415 1198 1494 apud
1229 1414 1462 1492 Anglos
1507 1415 1653 1494 ipsis
1687 1414 1987 1474 Theodori
2018 1415 2444 1495 archiepiscopi
2478 1417 2621 1493 quin

380 1505 559 1564 etiam
605 1504 851 1564 Alcuini
897 1506 1266 1584 temporibus
1313 1504 1491 1564 fuisse
1538 1505 1770 1564 docens.

557 1593 690 1667 Qua
737 1593 975 1652 tandem
1021 1616 1086 1652 re
1133 1593 1522 1653 dissentiebat
1569 1593 1814 1652 ecclesia
1860 1592 2174 1651 Britonum
2222 1593 2300 1651 ab
2334 1594 2622 1669 *universa

381 1683 624 1742 ecclesia
685 1683 1020 1742 catholica?
1101 1681 1312 1742 Gildas
1372 1683 1446 1741 de
1507 1681 1897 1741 ordinationis
1956 1681 2175 1741 ritibus
2236 1683 2417 1740 talem
2478 1683 2621 1742 facit

380 1772 738 1832 mentionem
783 1776 899 1851 (ep.
950 1773 984 1850 ξ
1040 1773 1161 1831 107
1213 1792 1298 1848 sq.
1345 1772 1418 1830 cf.
1463 1771 1737 1844 Warren,
1784 1792 1841 1849 p.
1894 1773 1973 1828 69
2023 1767 2151 1848 sq.),
2198 1777 2269 1830 ut
2314 1771 2489 1830 liceat
2535 1772 2619 1831 vi-

383 1862 522 1918 dere
568 1881 667 1918 eos
715 1882 845 1919 cum
889 1861 1176 1920 Romanis
1233 1881 1351 1920 non
1407 1861 1762 1936 congruisse.
1856 1858 1975 1917 Sed
2034 1860 2144 1918 hoc
2197 1860 2439 1920 levioris
2499 1881 2621 1918 mo-

381 1948 566 2006 menti
627 1954 716 2007 est
776 1955 838 2008 et
898 1949 1055 2008 infra
1124 1948 1624 2027 pertractandum.
1739 1948 1910 2008 Idem
1973 1946 2183 2007 Gildas
2246 1985 2320 1994 -—
2393 1955 2453 2008 et
2512 1951 2623 2008 hoc

387 2037 705 2094 maximum
752 2044 843 2096 est
894 2071 968 2082 —-
1021 2039 1191 2099 testis
1237 2045 1328 2098 est
1373 2039 1596 2097 nullam
1653 2043 1795 2096 tunc
1854 2037 2195 2096 societatem
2251 2038 2431 2096 fuisse
2490 2058 2621 2096 cum

385 2125 674 2202 episcopis
733 2125 1036 2186 Romanis.
1139 2127 1399 2187 Tantum
1461 2128 1618 2186 enim
1680 2127 1877 2200 abest,
1944 2132 2013 2184 ut
2075 2125 2285 2186 Grildas
2346 2127 2623 2205 episcopo

344 2205 364 2242 -·
381 2213 650 2272 Romano
710 2216 1046 2276 universam
1107 2218 1410 2276 ecclesiam
1471 2216 1791 2293 regendam
1864 2235 1991 2274 esse
2060 2221 2263 2293 putet,
2334 2222 2401 2274 ut
2462 2216 2623 2275 dicat

380 2303 590 2381 cuique
635 2325 774 2363 vero
821 2306 1115 2364 sacerdoti
1161 2306 1386 2366 dictum
1433 2326 1587 2364 esse:
1658 2313 1723 2364 tu
1766 2323 1823 2364 es
1870 2301 2083 2363 Petrus
2130 2311 2257 2378 etc„
2304 2311 2373 2363 ut
2420 2325 2621 2364 omnes

379 2393 686 2472 episcopos
730 2393 903 2453 Petri
959 2415 1320 2454 successores
1381 2415 1505 2454 esse
1564 2393 1794 2471 judicet
1854 2395 1971 2472 (ep.
2020 2393 2055 2470 ξ
2105 2395 2205 2452 67.
2253 2415 2309 2470 p.
2359 2392 2442 2451 74
2490 2396 2619 2471 sq.).

377 2480 562 2557 Cujus
609 2482 694 2540 rei
743 2504 894 2560 quae
943 2488 1072 2542 erat
1116 2483 1338 2542 causa?
1385 2482 1664 2542 Profecto
1713 2503 1830 2542 non
1878 2483 2281 2540 controversia
2329 2482 2619 2558 quaedam

377 2591 508 2628 cum
557 2570 851 2648 episcopis
895 2572 1201 2646 RomaniS,
1247 2592 1368 2630 non
1415 2572 1613 2630 odium
1662 2573 1723 2630 in
1770 2571 2098 2643 Romanoa,
2146 2571 2249 2630 sed
2294 2571 2455 2629 nulla
2504 2571 2621 2630 alia

375 2679 472 2718 res
540 2659 656 2717 nisi
725 2659 1062 2718 intermissa
1133 2659 1433 2721 Saxonum
1501 2666 1638 2739 post
1706 2660 2069 2720 invasionem
2144 2679 2274 2718 cum
2334 2659 2621 2718 Romanis

377 2747 758 2806 consuetudo,

555 2835 808 2896 Praeter
853 2837 1026 2896 hasce
1073 2837 1220 2898 duas
1264 2858 1376 2911 res,
1423 2838 1576 2897 ritus
1623 2844 1686 2896 et
1731 2837 2129 2897 intermissam
2177 2857 2309 2896 cum
2332 2838 2619 2897 Romanis

377 2926 880 3000 consuetudinem,
927 2928 1086 3004 apud
1120 2925 1363 2986 Gildam
1411 2927 1496 2986 nil
1542 2927 1892 3000 invenimus,
1942 2926 2100 3002 quod
2132 2927 2451 2986 Britonum
2481 2947 2618 3005 pro-

377 3014 572 3092 prium
620 3014 735 3073 dici
781 3015 1000 3094 possit,
1049 3037 1212 3090 nam,
1261 3036 1412 3092 quae
1457 3017 1765 3087 feruntur,
1813 3014 2027 3074 Gildae
2073 3016 2257 3074 verba
2302 3017 2374 3074 de
2422 3015 2619 3074 Brito-

378 3122 514 3160 num
563 3112 806 3163 tonsura
855 3110 914 3164 et
961 3106 1345 3164 celebrandae
1380 3104 1771 3163 eucharistiae
1816 3124 1975 3162 more
2023 3104 2225 3181 spuria
2272 3125 2395 3164 esse
2443 3124 2620 3182 supra

379 3192 546 3268 quasi
590 3194 956 3270 praeteriens
996 3197 1121 3269 jam
1169 3193 1621 3253 commemoravi
1669 3194 1765 3270 (cf.
1813 3193 1893 3250 H.
1926 3193 2045 3251 and
2076 3191 2162 3252 St.
2204 3192 2255 3265 I,
2304 3214 2361 3270 p.
2401 3193 2523 3250 112
2560 3198 2621 3250 et

372 3302 428 3358 p.
485 3282 606 3338 108
653 3279 834 3360 not*).

550 3370 946 3431 Nihilominus
1001 3375 1126 3447 jam
1185 3378 1328 3430 tunc
1389 3371 1675 3448 temporis
1731 3371 2015 3428 nonnulla
2070 3369 2335 3441 fuerunt,
2404 3370 2619 3446 quibus

374 3459 652 3518 Britones
699 3461 774 3518 ab
822 3460 954 3519 aliis
1001 3461 1261 3520 ecclesiis
1307 3459 1705 3519 dissentirent.
1799 3460 1892 3518 De
1950 3459 2165 3535 quibus
2222 3457 2431 3518 Gildas
2488 3479 2619 3518 cum

376 3550 732 3606 mentionem
793 3569 911 3608 non
970 3550 1181 3624 faciet,
1261 3549 1681 3627 suspicandum
1743 3555 1833 3608 est
1896 3569 2029 3606 eum
2091 3547 2425 3608 intermissa
2488 3569 2619 3606 cum

376 3637 508 3696 aliis
557 3637 980 3697 consuetudine
1025 3639 1220 3717 ipsum
1265 3639 1611 3711 nescivisse,
1676 3657 1827 3713 quae
1874 3642 2073 3696 essent
2120 3636 2437 3696 Britonum
2486 3658 2618 3714 pro-

251 3800 261 3808 .
375 3726 538 3803 pria,
601 3727 810 3785 saltem
868 3748 986 3786 non
1037 3728 1340 3801 habuisse,
1405 3727 1565 3803 quod
1620 3727 1807 3786 verba
1863 3726 1935 3784 de
1988 3725 2081 3784 his
2136 3726 2375 3785 faceret.
2466 3725 2619 3786 Nam

377 3812 536 3888 alibi,
583 3815 920 3894 ubicunque
951 3817 1230 3877 Britones
1262 3817 1418 3875 inter
1451 3817 1598 3874 alias
1639 3814 1909 3874 nationes
1955 3814 2227 3874 viventes
2274 3814 2619 3874 societatem

377 3922 508 3960 cum
555 3904 687 3964 aliis
731 3925 850 3964 non
895 3906 1113 3966 habere
1161 3926 1279 3964 non
1325 3910 1628 3983 poterant,
1700 3902 1773 3961 de
1830 3903 2086 3983 propriis
2131 3903 2449 3963 Britonum
2497 3924 2617 3962 mo-

376 3992 542 4052 ribus
587 4000 730 4053 tunc
769 3998 894 4071 jam
941 3997 1248 4074 agebatur.
1341 3994 1473 4068 Qua
1519 3995 1592 4052 de
1640 4013 1815 4052 causa
1861 4013 2051 4073 pauca

558 4205 576 4236 ¹
617 4205 674 4256 A
701 4219 835 4256 vera
861 4203 1134 4270 temporis
1160 4203 1380 4257 ratione
1407 4202 1745 4266 aberrarem,
1788 4203 1834 4254 si
1862 4203 2036 4255 verba
2074 4201 2319 4254 facerem
2358 4199 2429 4254 de
2467 4218 2615 4254 com·

376 4274 639 4328 munione
667 4274 768 4327 sub
798 4277 1034 4341 utraque
1060 4275 1274 4340 specie3
1315 4276 1538 4327 constat
1575 4273 1725 4326 enim
1764 4289 1887 4326 eam
1924 4276 2059 4325 tunc
2098 4272 2369 4339 temporis
2408 4272 2617 4340 ubique

376 4346 435 4397 in
473 4345 711 4398 ecelesia
747 4345 808 4400 in
845 4361 946 4396 usu
985 4343 1171 4398 fuisse.

2266 4433 2297 4470 o

2264 4469 2299 4486 Ν
