3259 5084
1273 267 1714 332 231...-

373 446 456 512 ad
517 440 716 512 Scotos
781 449 846 512 in
912 449 1205 514 Christum
1268 451 1555 513 eredentes
1614 451 1921 513 ordinatus
1979 473 2020 510 a
2065 472 2242 534 papa
2300 449 2615 514 Caelestino

375 539 690 601 Palladius
706 541 949 620 primus
980 541 1282 622 cpi-scmus
1310 540 1569 614 mittitur,
1605 547 1665 601 et
1688 563 1875 619 usque
1900 542 1976 601 ad
1999 541 2155 600 hunc
2178 542 2372 622 ipsum
2396 563 2614 602 annum

373 632 690 691 barbaram
735 631 918 690 fuisse
948 631 1278 689 Hiberniae
1325 631 1577 690 insulam
1623 631 1777 690 idem
1826 631 2085 709 scriptor
2126 636 2387 690 testatur
2415 632 2617 690 dicens

373 722 586 796 (contr.
621 721 768 780 coll.
814 720 982 778 XXI
1028 741 1120 798 op.
1152 720 1203 793 I,
1248 741 1305 798 p.
1346 723 1488 778 197.
1564 721 1645 779 Η.
1693 720 1811 779 01111
1844 719 1931 780 St.
1972 721 2022 793 I,
2069 742 2126 798 p.
2167 722 2297 796 16):
2346 719 2615 780 ordinato

374 806 562 869 Scotis
609 808 876 890 episcopo
911 809 1328 888 [Coelestinus]
1378 808 1522 868 dum
1554 806 1899 868 Romanum
1926 806 2181 868 insulam
2214 809 2615 887 [Britanniam

375 901 446 957 cf.
493 919 650 976 supr.
698 919 754 976 p.
809 899 914 977 10]
962 897 1150 960 studet
1201 916 1430 958 servare
1475 895 1843 969 catholicam,
1884 893 2033 978 fecit
2078 896 2251 956 etiam
2296 896 2615 957 barbaram

373 984 764 1046 christianam.
843 987 1010 1061 Quae
1039 988 1340 1065 Prosperi,
1385 993 1598 1066 utpote
1629 987 1955 1046 Coelestiui
2000 987 2281 1064 aequalis,
2331 987 2403 1045 de
2437 988 2615 1045 misso

373 1077 646 1135 Palladio
693 1077 961 1136 narratio
1007 1077 1124 1135 fide
1171 1077 1408 1153 dignior
1452 1097 1578 1136 esse
1612 1077 1755 1134 mihi
1786 1075 2041 1149 videtur,
2092 1095 2267 1152 quam
2302 1095 2454 1153 quae
2486 1083 2615 1136 tota

372 1167 562 1243 possit
621 1165 822 1224 vocari
881 1166 944 1224 in
999 1165 1432 1224 dubitationem
1491 1165 1715 1243 (Sohsll
1773 1187 1829 1243 p.
1881 1167 1961 1222 77
2022 1166 2093 1223 cf.
2142 1185 2321 1244 supra
2376 1187 2433 1243 p.
2488 1165 2615 1242 24).

373 1255 494 1314 Uni
527 1275 668 1331 ergo
701 1255 1026 1313 Hiberniae
1060 1256 1328 1333 apostolo
1360 1275 1490 1313 cum
1525 1255 1800 1332 episcopo
1824 1253 2096 1312 Romano
2130 1255 2614 1313 consuetudinem

372 1343 552 1404 fuisse
614 1349 861 1403 constat.
952 1345 1186 1403 Infecta
1243 1365 1308 1403 re
1364 1344 1531 1403 illum
1586 1364 1705 1402 uno
1753 1349 2057 1403 transacto
2102 1363 2257 1402 anno
2302 1345 2617 1404 revertisse

372 1432 718 1511 Prosperae,
767 1453 941 1509 quem
986 1435 1112 1507 hoc,
1161 1433 1210 1492 si
1256 1433 1479 1492 factum
1522 1438 1692 1507 esset,
1738 1435 1944 1510 fugere
1986 1453 2104 1491 non
2134 1433 2349 1511 potuit,
2399 1452 2617 1509 nequa-

375 1541 551 1597 quam
621 1529 854 1596 narrat,
924 1522 1101 1580 immo
1165 1523 1423 1600 primum
1485 1522 1816 1580 Hiberniae
1880 1523 2218 1599 episcopum
2280 1521 2613 1580 Palladium

373 1611 700 1690 appellavit
732 1618 791 1670 et
820 1631 1000 1689 opera
1033 1615 1158 1688 ejus
1189 1611 1442 1669 insulam
1474 1612 1797 1670 barbaram
1828 1611 2212 1668 christianam
2247 1611 2462 1668 factam
2490 1631 2615 1668 esse

374 1700 616 1759 censuit.
693 1700 913 1777 Itaque
962 1721 1078 1758 non
1125 1701 1264 1759 licet
1309 1707 1520 1779 putare
1566 1700 1714 1758 illud
1761 1700 1974 1777 ipsum,
2021 1700 2093 1758 de
2136 1719 2250 1776 quo
2282 1700 2615 1777 Prosperus

377 1790 560 1848 verba
591 1810 709 1848 non
739 1791 882 1849 fecit
910 1791 1132 1848 factum
1165 1810 1287 1848 esse
1319 1789 1435 1848 nisi
1459 1789 1547 1861 iis,
1583 1789 1687 1867 qui
1711 1789 1868 1848 haud
1892 1789 1979 1848 ita
2004 1789 2190 1847 multo
2214 1795 2351 1866 post
2375 1789 2613 1847 missum

373 1877 710 1936 Palladium
757 1880 834 1937 ab
881 1879 1084 1937 eodem
1131 1877 1466 1936 Coelestino
1496 1878 1823 1936 Patricium
1870 1878 1932 1935 in
1971 1877 2328 1935 Hiberniam
2372 1877 2615 1935 missum

375 1987 498 2026 esse
532 1968 646 2026 sibi
681 1974 1118 2045 persuaserunt.
1179 1967 1355 2025 Hanc
1388 1969 1462 2025 ob
1494 1987 1636 2041 rem,
1667 1967 2015 2044 priusquam
2044 1967 2217 2043 plura
2250 1967 2512 2025 dicamus
2544 1966 2616 2024 de

371 2056 660 2129 Palladio,
709 2057 1110 2133 quaerendum
1157 2062 1247 2116 est
1292 2056 1479 2129 nobis,
1527 2056 1820 2132 quomodo
1868 2077 1929 2114 se
1959 2056 2179 2114 habeat
2209 2055 2525 2114 Patricius.

549 2145 704 2204 Male
765 2147 1032 2224 profecto
1095 2166 1154 2205 se
1215 2145 1396 2204 habet
1451 2151 1657 2204 nostra
1712 2145 1785 2204 de
1830 2144 2099 2205 Patricio
2144 2145 2377 2205 notitia.
2472 2145 2614 2219 Qui·

373 2253 622 2312 cumque
669 2236 824 2294 enim
870 2236 1135 2314 paullum
1179 2235 1588 2294 laboraverint
1632 2235 1694 2292 in
1743 2234 2149 2292 adumbranda
2180 2234 2435 2292 Patricii
2462 2234 2614 2305 'vita,

375 2345 510 2383 mox
555 2325 864 2385 invenient
907 2326 1124 2384 multas
1169 2344 1294 2397 res,
1342 2344 1492 2401 quae
1539 2325 1784 2382 maximi
1828 2323 2111 2383 momenti
2156 2329 2296 2381 sunt
2340 2323 2416 2380 ad
2456 2322 2615 2398 judi-

376 2413 627 2472 candum
674 2414 747 2472 de
789 2414 1039 2473 Patricii
1085 2413 1337 2472 historia
1383 2414 1532 2472 adeo
1579 2413 1769 2470 adhuc
1814 2433 1941 2470 esse
1990 2413 2099 2470 sub
2140 2411 2355 2486 judice,
2403 2417 2471 2468 ut
2502 2411 2617 2469 viri

375 2502 534 2561 docti
594 2522 712 2560 non
761 2503 946 2561 solum
997 2503 1148 2562 alius
1192 2502 1303 2560 1100
1351 2502 1500 2560 alius
1545 2502 1695 2560 illud
1742 2501 2026 2572 affirmet,
2084 2500 2187 2558 sed
2236 2499 2415 2556 etiam
2460 2499 2614 2557 idem

374 2591 536 2650 aliud
597 2593 714 2649 alio
776 2598 1042 2669 tempore
1107 2593 1182 2667 (e.
1229 2611 1285 2668 g.
1334 2590 1556 2663 8011611,
1619 2589 1958 2648 dissertatio
2021 2588 2185 2645 1851
2250 2595 2311 2646 et
2356 2588 2615 2664 Herzog,

372 2680 449 2738 R.
495 2680 567 2738 E.
625 2700 671 2737 s.
719 2702 773 2739 v.
820 2680 1136 2739 Patricius.
1212 2677 1433 2755 1858),
1496 2699 1689 2755 neque
1750 2678 1907 2736 1111110
1966 2677 2315 2755 scriptorem
2374 2676 2616 2755 putabis

375 2769 572 2827 omnia
612 2767 846 2842 dixisse,
896 2769 946 2827 si
975 2769 1190 2846 legeris
1221 2768 1404 2842 illum,
1451 2787 1589 2826 nam
1619 2766 1787 2844 prior
1818 2765 2033 2840 omisit,
2067 2766 2140 2824 de
2174 2766 2388 2844 quibus
2420 2770 2615 2843 poste-

375 2858 498 2916 rior
539 2859 714 2936 plura
759 2858 903 2918 fecit
947 2858 1146 2918 verba.
1240 2857 1372 2931 Quo
1419 2858 1643 2917 factum
1692 2861 1808 2929 est,
1854 2862 1921 2914 ut
1968 2876 2183 2929 omnes,
2232 2856 2336 2932 qui
2380 2855 2455 2912 de
2499 2855 2615 2913 Pa-

375 2947 546 3005 tricio
617 2947 1022 3006 disseruerunt
1080 2967 1273 3024 neque
1332 2945 1448 3025 ipsi
1508 2951 1699 3006 totam
1761 2965 1883 3004 rem
1945 2946 2121 3023 plane
2183 2945 2617 3021 intelligebant,
2718 3003 2739 3030 θ

377 3054 602 3094 errores
666 3056 781 3094 non
843 3035 1216 3095 vitaverint1.
1309 3034 1528 3112 Itaque
1587 3055 1781 3112 neque
1844 3055 1981 3111 eg0,
2042 3053 2174 3092 cum
2235 3053 2354 3092 non
2418 3053 2619 3092 omnes

527 3241 546 3272 ¹
583 3239 890 3307 Ebrardus‚
932 3260 1058 3295 cum
1095 3241 1304 3295 librum
1343 3260 1502 3296 suum
1541 3242 1940 3306 conscriberet,
1981 3241 2185 3295 idonea
2208 3241 2483 3294 historiae
2508 3239 2616 3295 Pa-

378 3311 532 3366 tricii
569 3311 806 3365 scientia
843 3329 1073 3380 prorsus
1115 3312 1312 3365 caruit.
1376 3310 1505 3365 Duo
1542 3311 1829 3365 sufficiant
1852 3311 2196 3365 testimonia.
2262 3311 2351 3366 De
2378 3310 2617 3366 Patricii

377 3383 756 3448 confessione,
812 3401 973 3450 quam
1015 3387 1246 3450 praeter
1281 3383 1679 3436 necessitatem
1721 3383 1817 3451 (cf.
1860 3383 2118 3450 Loening
2154 3381 2233 3447 II,
2274 3384 2381 3438 413
2419 3388 2519 3437 not
2558 3387 2615 3437 et

379 3455 454 3509 H.
497 3455 607 3508 and
645 3453 728 3508 St.
767 3453 846 3517 II,
889 3455 937 3510 2.
979 3455 1082 3510 296
1121 3455 1264 3520 not.)
1315 3455 1375 3508 in
1425 3454 1740 3524 appendice
1781 3471 1849 3507 ex
1886 3455 2019 3506 Act.
2060 3452 2159 3508 88.
2208 3455 2613 3523 transscripsit,

377 3527 546 3580 dixit:
587 3527 686 3591 „in
722 3525 894 3579 cinam
929 3525 1169 3595 einziqen
1195 3524 1306 3580 Με.
1337 3526 1428 3580 des
1470 3525 1863 3580 monasterium
1886 3523 1991 3580 Sti.
2026 3523 2245 3580 Vcdasti
2268 3527 2616 3582 vorhanden“

376 3597 629 3654 nesciens
666 3597 848 3650 adhuc
875 3597 1066 3665 plures
1093 3601 1316 3658 exstare
1343 3596 1566 3652 codices
1593 3595 1901 3664 eorumque
1928 3595 2358 3650 celeberrimum
2385 3598 2445 3650 in
2470 3597 2616 3652 libro

375 3668 792 3721 Ardmachano.
871 3667 1025 3740 Ergo
1073 3685 1145 3720 ne
1193 3668 1580 3722 tenuissimam
1627 3666 1855 3736 quidem
1903 3666 2250 3721 auditionem
2288 3668 2508 3737 accepit
2545 3667 2616 3721 de

374 3739 481 3792 hoc
520 3740 682 3802 libro,
724 3739 793 3791 de
833 3756 941 3807 quo
982 3737 1131 3792 infra
1169 3740 1469 3793 dicendum
1511 3743 1611 3804 est,
1654 3739 1790 3808 quin
1825 3739 1996 3792 etiam
2021 3755 2091 3792 ne
2119 3739 2177 3792 id
2202 3739 2429 3808 quidem
2454 3740 2613 3807 legit,

375 3810 527 3878 quod
555 3809 874 3862 Schoellius
913 3827 1025 3863 non
1064 3810 1249 3864 dicam
1286 3811 1344 3863 in
1385 3810 1781 3864 dissertatione
1809 3828 1863 3877 p.
1892 3809 1960 3864 68
1987 3810 2086 3863 sed
2112 3810 2170 3863 in
2196 3809 2425 3880 Herzog
2450 3809 2519 3864 R.
2548 3809 2615 3866 E.

374 3881 479 3934 Bd.
520 3881 583 3933 11
626 3881 695 3933 de
733 3881 1020 3935 codicibus
1062 3880 1340 3934 disseruit.
1409 3881 1573 3950 Quod
1614 3881 1712 3950 qui
1748 3882 2107 3952 cognoverit,
2149 3898 2263 3934 non
2298 3882 2613 3943 mirabitur,

375 3951 526 4020 quod
577 3969 687 4003 una
735 3953 855 4005 sola
907 3969 976 4005 ex
1013 3952 1311 4020 permultis
1352 3951 1590 4005 Patricii
1625 3953 1760 4006 vitis
1801 3969 1977 4022 eaque
2015 3952 2260 4006 omnium
2299 3969 2480 4021 paene
2518 3969 2615 4018 po·

377 4026 587 4076 strema
624 4021 885 4074 Ebrardo
932 4028 1068 4076 nota
1117 4021 1287 4076 fuisse
1337 4023 1562 4076 videtur
1613 4024 1709 4089 (cf.
1748 4023 1973 4077 Ebrard
2009 4041 2065 4092 p.
2108 4023 2201 4092 10)
2239 4054 2308 4062 -
2348 4023 2616 4076 videlicet

377 4111 458 4158 ea,
500 4110 642 4163 quae
681 4093 802 4146 sola
841 4097 1026 4146 exstat
1063 4094 1122 4146 in
1146 4093 1278 4148 Act.
1311 4092 1413 4148 88.
1441 4093 1587 4147 Bon.
1617 4093 1784 4147 Mart.
1828 4095 1894 4148 17
1934 4112 1987 4162 p.
2019 4095 2123 4148 540
2150 4111 2269 4162 sqq.
2337 4093 2443 4145 His
2479 4109 2615 4146 vero

375 4166 540 4219 Actis
569 4163 666 4218 88.
708 4164 790 4216 ita
827 4182 953 4216 usus
991 4168 1091 4228 est,
1131 4168 1196 4218 ut
1233 4164 1703 4218 commentarium
1742 4167 2034 4232 praevium
2077 4163 2465 4217 Bollandistae
2502 4180 2615 4216 non

374 4237 608 4308 legeret,
633 4267 693 4276 —
722 4234 973 4303 alioquin
1002 4236 1071 4288 de
1099 4235 1224 4288 aliis
1251 4237 1383 4289 vitis
1410 4235 1734 4289 audivisset.
1765 4267 1823 4275 -
1854 4235 1979 4304 Quo
2005 4235 2235 4288 tandem
2254 4236 2385 4301 jure
2404 4233 2627 4288 Ebrar-·

375 4309 477 4361 dus
526 4308 614 4361 his
662 4305 860 4360 diebus
909 4305 1272 4374 (Bonifatius.
1332 4306 1496 4374 1882)
1543 4305 1791 4359 ludibrio
1838 4307 1945 4360 sibi
1993 4306 2167 4359 habet
2202 4303 2417 4360 doctum
2454 4322 2616 4361 sumn

373 4377 752 4432 adversarium
791 4375 1159 4430 Fischerum?
