3259 5084
1332 259 1774 317 -93—

436 463 592 515 esse,
652 441 832 499 immo
878 441 1150 518 putabat,
1198 458 1371 498 suum
1416 458 1642 497 morem
1689 458 1816 498 esse
1859 438 2214 498 catholicum
2259 455 2454 513 neque
2499 434 2669 495 dubi-

438 533 628 604 tabat,
678 530 821 607 quin
850 529 1256 589 Romanorum
1300 548 1426 587 mos
1474 548 1607 587 cnm
1653 546 1758 587 suo
1806 531 2172 604 congrueret.
2243 526 2438 600 Quam
2481 523 2672 601 opini-

438 640 611 679 onem
671 624 991 697 postquam
1041 618 1255 677 falsam
1308 618 1617 695 cognovit,
1674 617 1873 689 tertia,
1939 636 2092 694 quae
2135 620 2332 675 exstat
2345 658 2359 686 ‚
2420 612 2672 691 epistola

438 709 515 769 ad
560 708 843 785 Gregorii
886 726 1295 780 successorem,
1342 706 1579 784 quiquis
1624 707 1742 765 fuit
1787 706 2152 783 [Bonifatius
2195 704 2288 764 IV
2305 704 2334 763 Ρ
2379 701 2670 778 Fleming,

437 820 495 877 p.
535 799 677 871 111,
724 803 845 856 not.
878 801 955 875 a),
1002 796 1183 855 missa
1226 796 1339 855 hoc
1382 815 1565 855 unum
1611 817 1647 853 a
1691 816 1850 873 papa
1894 794 2128 873 petivit,
2149 822 2154 827 ·
2173 801 2244 854 ut
2287 793 2404 853 sibi
2433 790 2672 867 suisque

434 889 641 946 liceret
686 886 943 963 amplius
986 888 1303 945 observare
1348 884 1734 944 traditionem
1779 887 2068 959 majorum
2107 885 2226 961 (ep.
2263 883 2293 939 1
2331 881 2488 941 Bibl.
2520 899 2673 937 max.

436 976 591 1050 XII,
637 997 697 1054 p.
731 976 817 1032 24
846 975 943 1051 F).
1017 975 1103 1034 Et
1147 976 1464 1035 observata
1508 979 1599 1045 est
1629 993 1784 1033 anno
1815 974 1996 1033 etiam
2029 974 2175 1045 610,
2220 991 2360 1031 nam
2385 968 2673 1031 Columba

438 1066 501 1124 in
564 1065 847 1143 epistula
873 1064 1001 1137 illa,
1062 1084 1240 1141 quam
1296 1084 1371 1122 ex
1414 1062 1784 1124 Nannetensi
1837 1064 1986 1122 urbe
2041 1062 2122 1121 ad
2176 1059 2496 1137 discipulos
2539 1075 2675 1117 suos

438 1153 616 1227 misit,
661 1153 932 1213 hortatus
978 1160 1069 1213 est
1112 1172 1265 1223 suos,
1312 1172 1387 1211 ne
1431 1152 1833 1213 alienarentur
1877 1171 1914 1211 a
1957 1172 2066 1211 sua
2110 1147 2450 1222 traditione,
2497 1162 2675 1223 quam

440 1243 623 1302 etiam
666 1249 809 1301 tunc
854 1242 1157 1318 meliorem
1196 1241 1529 1317 judicabat
1538 1244 1664 1319 (ep.
1689 1242 1746 1299 3.
1793 1240 1953 1302 Bibl.
1983 1262 2136 1301 max.
2167 1238 2321 1313 XII,
2367 1260 2426 1317 p.
2461 1238 2540 1297 27
2574 1236 2674 1309 B)-

440 1331 667 1391 Tamen
710 1332 773 1391 in
804 1330 992 1391 Italia
1020 1313 1309 1391 Columba
1354 1330 1593 1391 videtur
1635 1351 1699 1389 se
1745 1332 2140 1391 conformasse
2187 1329 2265 1389 ad
2291 1346 2513 1389 morem
2543 1324 2674 1387 uni·-

439 1440 645 1480 versae
684 1422 979 1493 ecclesiae,
1024 1441 1163 1480 nam
1194 1421 1271 1478 in.
1288 1420 1517 1493 ultima,
1566 1440 1746 1497 quam
1775 1422 2077 1491 habemus,
2097 1419 2394 1498 epistula,
2441 1437 2518 1476 ex
2545 1415 2677 1494 ipsa

439 1511 623 1570 Italia
664 1511 744 1569 ad
768 1510 1141 1571 Bonifatium
1163 1508 1259 1568 IV
1288 1528 1507 1587 papam
1536 1509 1718 1567 missa
1741 1512 1858 1587 (ep.
1885 1509 1944 1567 4.
1989 1508 2154 1567 Bibl.
2171 1527 2325 1566 max.
2341 1526 2400 1584 p.
2421 1507 2504 1563 28
2520 1505 2674 1581 sqq.)

438 1600 513 1658 de
572 1600 836 1679 paschali
896 1598 1302 1659 controversia
1355 1617 1474 1656 non
1524 1601 1652 1674 jam
1694 1596 1766 1657 fit
1809 1597 2048 1657 mentio.
2138 1596 2366 1655 Eodem
2409 1600 2676 1671 tempore

435 1690 502 1748 in
546 1688 751 1749 Gallia
810 1689 1131 1767 discipulos
1174 1687 1503 1761 Columbae
1546 1684 1864 1747 Scotorum
1918 1684 2258 1746 celebrandi
2311 1698 2536 1743 morem
2580 1680 2678 1743 de·

438 1778 707 1856 posuisse
752 1778 1171 1856 suspicandum
1218 1784 1323 1837 est.
1415 1775 1646 1834 Tamen
1689 1777 1972 1837 nonnulla
2017 1774 2506 1852 relinquebantur
2535 1768 2676 1831 Sco·

441 1874 640 1927 torum
686 1868 945 1945 propria,
994 1885 1147 1941 quae
1180 1864 1371 1925 Gallis
1416 1863 1728 1923 offensioni
1773 1885 1898 1925 esse
1942 1870 2202 1943 possent.
2279 1863 2412 1936 Quo
2457 1862 2679 1919 factum

443 1959 549 2025 est,
581 1960 651 2010 ut
680 1974 834 2012 anno
864 1953 1047 2011 etiam
1081 1954 1209 2011 624
1242 1953 1424 2030 (nab.
1448 1952 1535 2023 II,
1564 1954 1672 2012 vit.
1695 1953 1934 2013 Eustas.
1971 1955 2070 2011 10.
2101 1974 2235 2011 ann.
2263 1951 2410 2023 625,
2440 1972 2498 2028 p.
2529 1948 2680 2023 119)

442 2040 763 2117 Agrestius
774 2060 804 2114 ,·
847 2041 1109 2119 perfidus
1170 2048 1231 2101 et
1288 2038 1545 2101 infidelis
1602 2042 1841 2120 quidam
1895 2040 2286 2103 Iruxoviensis
2339 2035 2682 2100 monasterii

444 2130 789 2203 monachus,
850 2130 1194 2191 Eustasium
1239 2131 1515 2191 abbatem
1562 2132 2022 2206 Luxoviensem,
2081 2131 2174 2191 cui
2219 2130 2488 2191 inimicus
2533 2133 2680 2199 erat,

442 2238 642 2277 coram
688 2220 939 2295 synodo,
982 2220 1407 2280 Matisconensi
1451 2220 1515 2280 in
1558 2222 1707 2279 urbe
1751 2228 2138 2300 congregata,
2197 2219 2490 2300 episcopis
2534 2236 2680 2279 non-

443 2307 622 2371 nullis
678 2308 919 2385 adjutus
964 2309 1344 2369 dissensionis
1390 2310 1467 2370 ab‘
1514 2310 1764 2371 ecclesia
1810 2311 2098 2371 catholica
2143 2313 2418 2370 accusare
2463 2313 2682 2387 posset·

446 2396 579 2469 Qua
624 2397 688 2455 in
732 2398 955 2474 synodo
1003 2398 1076 2457 de
1121 2398 1287 2459 festis
1335 2398 1543 2458 diebus
1589 2400 1965 2478 paschalibus
2012 2399 2380 2459 celebrandis
2409 2416 2528 2457 non
2553 2399 2680 2470 jam

442 2487 747 2562 agebatur,
795 2494 857 2545 et
900 2488 1139 2561 ceteris,
1186 2506 1341 2563 quae
1384 2488 1658 2564 protulit,
1703 2487 2024 2564 Agroetius
2067 2486 2308 2548 minime
2353 2484 2566 2557 effecit,
2611 2488 2682 2542 ut

440 2574 795 2633 discordiam
856 2575 1198 2634 concitaret.
1288 2570 1523 2633 Deinde
1582 2596 1686 2651 ex,
1715 2596 1784 2633 eo
1845 2582 2110 2654 tempore
2164 2574 2326 2634 Galli
2384 2593 2503 2633 non
2555 2575 2682 2649 jam

442 2662 838 2721 meminerunt
868 2662 1219 2722 Columbam
1264 2671 1328 2722 et
1364 2663 1554 2723 socios
1584 2666 1714 2738 ejus
1743 2666 1924 2725 fuisse
1952 2663 2298 2742 peregrinos
2327 2669 2391 2723 et
2420 2661 2681 2724 moribus

446 2751 561 2811 sibi
615 2752 763 2830 ipsis
818 2752 1064 2812 alienos:
1126 2773 1265 2837 nam
1322 2772 1472 2829 quae
1525 2753 1770 2830 propria
1821 2755 2060 2815 fuerant
2101 2752 2417 2815 Scotorum
2461 2750 2681 2829 partim

444 2840 521 2899 ab
588 2840 737 2919 ipsis
804 2841 1076 2919 deposita
1132 2849 1304 2901 erant
1361 2841 1587 2919 partim
1645 2850 1884 2921 recepta
1945 2864 1980 2903 a
2043 2842 2235 2904 Gallis
2305 2843 2498 2903 alienu
2559 2861 2682 2901 esse

440 2929 757 2989 desierant.

623 3018 742 3078 Sed
800 3040 1089 3096 quaenam
1144 3029 1315 3081 erant
1366 3021 1475 3080 illa
1520 3020 1832 3081 Scotorum
1888 3022 2176 3101 propria?
2268 3022 2436 3081 Haec
2489 3022 2682 3083 denuo

442 3106 555 3163 hoc
600 3108 729 3165 loco
778 3110 1012 3168 exsistit
1050 3110 1318 3187 quaestio
1350 3110 1521 3187 eique
1552 3110 1870 3170 solvendae
1898 3112 2090 3171 denuo
2123 3130 2364 3188 operam
2396 3114 2705 3173 navanter

448 3212 537 3266 ea,
584 3213 735 3270 quae
782 3216 961 3273 supra
995 3200 1121 3272 jam
1148 3198 1423 3271 diximus,
1470 3219 1602 3259 cum
1633 3199 2112 3259 confirmabimus
2139 3204 2268 3258 tum
2299 3199 2683 3277 explebimus.

623 3281 957 3361 Praecipua
1016 3286 1509 3345 controversionis
1567 3306 1746 3346 causa
1805 3288 1984 3347 etiam
2037 3289 2150 3347 hoc
2202 3288 2330 3347 loco
2385 3288 2502 3347 fuit
2545 3287 2686 3350 festi

447 3371 756 3447 paschalis
788 3374 1166 3451 computatio,
1212 3375 1287 3432 de
1335 3394 1453 3451 qua
1496 3395 1632 3433 cum
1677 3394 1858 3453 supra
1903 3377 2048 3437 satis
2082 3380 2206 3453 jam
2237 3376 2684 3454 disputaverim,

444 3457 509 3517 id
567 3480 751 3518 unum
810 3452 1053 3535 addam,
1115 3464 1277 3540 quod
1333 3464 1478 3523 haec
1537 3464 1611 3522 de
1665 3465 2032 3526 celebrandis
2085 3465 2260 3527 festis
2309 3467 2685 3544 paschalibus

441 3548 653 3609 diebus
700 3550 986 3610 dissensio
1028 3552 1175 3611 adeo
1207 3572 1397 3632 paene
1426 3570 1547 3612 una
1576 3572 1648 3611 ac
1675 3554 1803 3613 sola
1833 3554 2270 3616 controversiae
2299 3577 2478 3617 causa
2506 3556 2684 3617 fuisse

444 3637 709 3712 videtur,
769 3647 841 3700 ut
895 3639 1183 3701 Columba
1242 3642 1307 3701 in
1361 3641 1636 3721 epistulis
1686 3643 1808 3704 suis
1863 3643 1936 3703 de
1991 3646 2154 3704 nullo
2209 3645 2326 3705 alio
2373 3644 2686 3705 Scotorum

444 3746 607 3787 more
654 3728 839 3787 verba
893 3731 1130 3789 faceret.
1222 3732 1377 3791 Nam
1420 3731 1648 3793 erravit
1691 3732 2084 3811 Rettbergius
2129 3733 2239 3809 (II,
2289 3755 2346 3811 p.
2397 3735 2508 3811 37)
2555 3754 2687 3793 eum

446 3816 684 3892 putavit
730 3818 1077 3877 columbam
1124 3818 1416 3898 Gregorio
1466 3840 1669 3922 ‘papae
1731 3821 1909 3885 etiam
1961 3824 2038 3883 de
2083 3822 2392 3885 Scotorum
2440 3830 2685 3885 tonsura

406 3972 412 3977 ,
446 3904 767 3981 scripsisse.
845 3907 939 3965 De
968 3908 1080 3967 hac
1108 3908 1179 3966 fit
1208 3910 1431 3969 mentio
1460 3910 1524 3969 in
1554 3910 1780 3986 'synodo
1809 3912 2248 3987 Matisconensi,
2277 3912 2383 3973 sed
2414 3911 2688 3990 cognosci

446 4012 565 4051 non
610 4000 825 4071 potest,
872 4003 1073 4055 utrum
1103 3996 1426 4100 Agroetius
1470 3998 1636 4059 illam
1680 4022 1807 4059 rem
1853 4003 1964 4061 soli
2003 3999 2304 4082 „reliqioni
2334 3996 2678 4063 Columbae“

442 4081 549 4141 sed
580 4083 760 4141 etiam
784 4082 1067 4145 Eustasio
1099 4086 1331 4145 crimini
1356 4086 1585 4146 dederit
1608 4090 1738 4163 (vit.
1763 4090 2002 4151 Eustas.
2032 4093 2110 4151 12
2135 4090 2296 4149 Mab.
2317 4090 2404 4162 Π,
2427 4110 2486 4167 Ρ.
2516 4091 2686 4163 120),

446 4171 736 4231 nescimus
801 4172 983 4248 enim,
1047 4176 1285 4252 quando
1328 4176 1736 4237 Luxovienses
1789 4200 2011 4239 morem
2063 4180 2232 4237 illum
2290 4178 2686 4255 deposuerint

448 4258 705 4333 Ceteris,
768 4280 921 4338 quae
974 4266 1344 4341 proferebat,
1402 4264 1724 4342 Agrestius
1777 4268 1998 4345 partim
2050 4267 2315 4344 regulam
2363 4266 2686 4329 Columbae

444 4347 827 4427 vituperavit,
874 4350 948 4411 de
992 4373 1111 4429 qua
1156 4353 1313 4413 infra
1358 4354 1669 4415 dicendum
1715 4362 1822 4430 est,
1869 4356 2089 4436 partim
2136 4356 2222 4414 nil
2253 4355 2370 4415 nisi
2399 4356 2568 4433 ritus,
2613 4378 2688 4421 ex
