3259 5084
1511 253 1961 310 -33-

625 431 999 512 praedicasse
1043 428 1312 509 prodidit
1357 431 1453 506 (cf.
1500 429 1700 505 infra),
1755 428 2029 487 Muirchu
2075 434 2273 488 autem
2318 429 2473 488 sicut
2517 429 2863 506 posterioris

619 521 902 599 temporis
965 520 1282 596 scriptores
1345 539 1475 577 eum
1537 518 1683 576 alias
1727 517 1993 577 Patricio
2056 537 2187 576 cum
2233 518 2398 577 Mose
2444 518 2861 578 similitudines

621 611 802 669 fuisse
845 615 974 667 tum
1027 610 1150 666 120
1198 628 1382 666 annos
1428 613 1633 666 natum
1674 611 1933 682 ‚mortem
1978 627 2109 665 eum
2156 607 2373 666 obiisse
2418 612 2677 666 testatur
2717 608 2859 684 (vid.

619 698 875 758 Betham
919 697 1006 769 H,
1054 717 1188 774 app.
1236 718 1292 773 p.
1338 695 1464 756 XV
1511 701 1574 754 et
1615 695 1823 772 XVI),
1880 695 2035 754 unde
2082 696 2497 773 suspicandum
2544 702 2633 756 est
2677 696 2859 754 Muir-

621 789 832 848 chuum
893 786 1069 846 sicuti
1123 785 1482 862 posteriores
1538 785 1842 862 putavisse
1887 784 2220 844 Patricium
2270 785 2353 843 60
2400 785 2495 844 vel
2544 787 2579 842 7
2588 787 2625 842 2
2675 805 2865 844 annon

620 879 684 936 in
713 875 1009 934 Hibernia
1055 895 1180 934 esse
1226 880 1554 946 moratum3
1601 874 1859 951 denique
1904 873 2197 932 Muirehui
2244 873 2533 932 narratio:
2594 873 2861 932 Patricio

623 965 886 1044 cupienti
931 964 1132 1024 videre
1179 964 1374 1024 sedem
1414 963 1803 1042 apostolicam
1836 969 1894 1021 et
1927 962 2151 1022 discere
2183 963 2539 1041 sapientiam
2567 963 2631 1021 in
2662 963 2859 1022 animo

620 1055 803 1114 fuisse
831 1053 1086 1113 Romam
1131 1051 1425 1131 proficisci
1476 1085 1552 1096 --
1603 1051 1753 1110 adeo
1798 1051 2035 1110 fabulae
2078 1051 2253 1111 fletae
2298 1051 2552 1129 speciem
2595 1054 2861 1129 praebet,

620 1151 690 1203 ut
733 1143 906 1201 facile
952 1141 1068 1201 tibi
1113 1141 1495 1219 persuadeas,
1553 1139 1976 1213 Tirechanum,
2034 1141 2148 1200 etsi
2193 1161 2313 1199 non
2356 1141 2445 1199 ita
2490 1142 2677 1200 multo
2724 1148 2861 1200 ante

621 1232 994 1292 Muirchuum
1049 1229 1315 1308 scripsit,
1375 1235 1577 1288 tamen
1621 1229 1884 1288 fabulam
1929 1229 2029 1302 iis,
2091 1249 2243 1307 quae
2286 1229 2559 1288 Muirchu
2606 1236 2863 1304 enarrat,

622 1322 810 1380 multo
856 1319 1242 1378 vetustiorem
1291 1318 1666 1395 consignasse
1714 1317 1949 1378 litteris.

799 1407 891 1468 At
949 1407 1106 1466 unde
1165 1408 1390 1466 factum
1449 1413 1566 1481 est,
1627 1413 1698 1467 ut
1741 1408 2013 1466 Muirchu
2069 1408 2142 1466 de
2186 1407 2439 1467 Patricii
2494 1408 2711 1468 itinere
2756 1429 2865 1486 per

625 1497 858 1558 Gallias
904 1503 964 1556 et
1009 1496 1253 1556 Italiam
1299 1498 1484 1556 verba
1530 1517 1650 1556 non
1695 1499 1917 1556 faceret
1934 1497 1962 1554 P

797 1585 1179 1646 Perdifficilis
1209 1585 1355 1644 haec
1389 1587 1675 1663 quaestiO,
1723 1586 2073 1664 praesertim
2106 1606 2254 1659 cum,
2304 1607 2455 1664 quae
2486 1587 2759 1645 Muirchu
2792 1586 2865 1646 de

620 1676 872 1736 Patricii
913 1679 1228 1752 juventute
1277 1681 1338 1734 et
1382 1675 1673 1735 servitute
1717 1676 2070 1748 narraverit,
2118 1675 2235 1734 nisi
2281 1695 2353 1733 ex
2399 1675 2677 1752 capitulis
2718 1674 2867 1734 Aidi

620 1765 792 1825 nobis
836 1769 1044 1824 notum
1090 1783 1208 1822 non
1239 1763 1334 1836 sit,
1381 1784 1574 1840 neque
1617 1785 1791 1842 spero
1824 1785 1916 1822 me
1956 1785 2127 1842 posse
2157 1765 2310 1823 hane
2342 1764 2747 1842 quaestionem
2779 1765 2867 1823 ita

622 1855 866 1927 solvere,
912 1857 983 1911 ut
1029 1854 1211 1912 etiam
1257 1853 1595 1912 nolentibus
1642 1853 2046 1932 persuadeam.
2122 1853 2437 1932 Duplicem
2484 1859 2684 1912 autem
2730 1874 2865 1933 pro-

623 1963 842 2022 ponam
886 1943 1196 2015 rationem,
1245 1963 1363 2019 qua
1408 1943 1606 2001 neseio
1652 1963 1731 2001 an
1777 1943 2047 2020 quaestio
2080 1942 2185 2002 illa
2215 1944 2497 2003 solvatur.
2574 1943 2730 2004 Nam
2761 1950 2871 2003 aut

621 2032 962 2110 ignorantia
981 2037 1086 2090 aut
1105 2031 1178 2089 de
1199 2031 1494 2089 industria
1506 2031 1780 2090 Muirchu
1800 2031 1873 2090 de
1894 2031 2207 2090 itineribus
2226 2032 2345 2092 illis
2364 2032 2551 2092 verba
2569 2053 2689 2090 non
2704 2033 2863 2091 feeit.

798 2119 1152 2194 Ignorantia
1203 2120 1426 2176 factum
1483 2139 1608 2177 esse
1665 2120 1861 2192 nobis,
1922 2121 1971 2178 si
2027 2119 2317 2196 placeret,
2378 2125 2595 2197 putare
2640 2122 2865 2193 liceret,

624 2208 764 2285 quia
793 2207 922 2285 ipse
944 2206 1219 2265 Muirehu
1247 2225 1450 2284 parva
1467 2205 1709 2286 pavida,
1738 2205 1967 2265 incertis
1998 2205 2347 2278 auctoribus,
2379 2206 2665 2267 memoria
2689 2205 2867 2278 labili,

621 2294 816 2357 attrito
860 2315 1029 2356 semu
1075 2291 1291 2354 librum
1335 2314 1505 2352 suum
1550 2315 1612 2352 se
1660 2295 2076 2372 conscripsisse
2123 2295 2441 2354 confitetur
2467 2295 2747 2370 (Betham
2778 2296 2867 2368 ΙΙ,

623 2407 760 2464 app.
793 2407 850 2463 p.
881 2384 1156 2462 XLIII).
1220 2383 1446 2442 Tamen
1493 2388 1555 2442 et
1603 2383 1744 2460 quia
1789 2383 1889 2442 vix
1937 2383 2219 2442 credibile
2251 2388 2341 2443 est
2376 2383 2746 2442 Muirehuum
2789 2405 2866 2442 ne

623 2474 1028 2535 tenuissimam
1089 2473 1327 2552 quidem
1373 2473 1738 2532 auditionem
1796 2473 2089 2552 accepisse
2136 2473 2208 2530 de
2252 2472 2506 2531 Patrioii
2552 2471 2869 2531 itineribus

624 2585 732 2642 per
795 2563 1054 2622 Galliam
1116 2569 1178 2622 et
1221 2561 1466 2622 Italiam
1525 2568 1588 2622 et
1649 2561 1791 2639 quia
1852 2583 1983 2620 eum
2042 2562 2249 2621 fabula
2306 2562 2411 2625 illa
2471 2562 2543 2620 de
2606 2561 2870 2620 Patricio

623 2655 877 2712 Romam
925 2652 1092 2711 adire
1153 2651 1426 2728 cupiente
1486 2655 1615 2710 tum
1678 2653 1881 2724 verba,
1946 2671 2099 2728 quae
2154 2651 2219 2710 in
2266 2657 2529 2710 extremo
2576 2650 2873 2710 Muirehui

625 2743 779 2801 libro
827 2747 1067 2800 exstant
1110 2740 1412 2817 prioribus
1443 2761 1635 2817 paene
1664 2741 1961 2800 contraria
1992 2741 2235 2799 haeccet
2282 2737 2355 2798 P.
2390 2736 2683 2820 colloquiis
2700 2737 2870 2820 frue-

627 2828 798 2888 batur
820 2825 1152 2908 anquelieia
1175 2836 1487 2908 antequam
1509 2829 1583 2888 de
1605 2827 1806 2888 scotia
1828 2828 1912 2888 ad
1925 2825 2177 2888 Latinos
2188 2837 2461 2908 peryeret
2484 2829 2765 2904 (Betham
2782 2829 2873 2900 II,

627 2938 766 2994 app.
812 2939 869 2994 Ρ.
917 2916 1142 2992 XVII)
1190 2916 1533 2975 testimonio
1590 2937 1715 2975 esse
1768 2923 2019 2992 possunt
2063 2916 2437 2975 Muirchuum
2481 2919 2640 2976 fama
2686 2936 2871 2994 quan-

631 3093 1028 3154 verisimilius
1059 3093 1204 3152 mihi
1251 3093 1488 3152 videtur
1533 3113 1661 3152 esse
1691 3093 2064 3151 Muirehuum
2108 3094 2183 3152 de
2212 3093 2512 3154 industria
2542 3097 2723 3154 verba
2756 3117 2873 3154 11011

627 3184 838 3243 fecisse
888 3183 962 3241 de
1007 3183 1112 3242 illa
1157 3203 1239 3240 re.

807 3271 1194 3331 Adminiculo
1257 3291 1384 3330 esse
1438 3277 1641 3348 pot-est
1692 3271 1830 3329 huic
1886 3271 2153 3349 opinioni
2199 3272 2437 3331 dicendi
2480 3293 2692 3349 genus,
2758 3295 2873 3350 quo

630 3361 906 3420 Muirohu
934 3375 1075 3420 usus
1105 3367 1213 3421 est.
1282 3358 1516 3418 Audias
1546 3359 1800 3420 haecce
1782 3380 1847 3419 in
1872 3361 2148 3438 capitulis
2174 3359 2323 3419 Aidi
2344 3362 2570 3438 scripta
2595 3362 2876 3437 (Betham

633 3451 670 3508 1.
705 3469 752 3507 c.
787 3471 844 3527 p.
877 3448 1158 3526 XLIII).
1204 3444 1306 3508 De
1349 3457 1533 3509 aetate
1577 3446 1700 3530 ejus
1751 3449 1989 3530 qnando
2032 3449 2153 3509 iens
2197 3448 2392 3510 videre
2424 3449 2619 3510 sedem
2648 3459 2873 3552 aposto·

631 3535 808 3598 licam
865 3533 1044 3596 voluit
1103 3536 1320 3613 discere
1373 3536 1739 3618 sapientiam.
1788 3573 1871 3582 —
1918 3533 2017 3596 De
2068 3536 2385 3599 inventione
2428 3537 2616 3598 sancti
2652 3538 2877 3620 yeneris

627 3625 692 3686 in
742 3620 956 3688 Galliis
1002 3635 1052 3684 et
1095 3611 1226 3686 ideo
1269 3647 1388 3686 non
1447 3625 1624 3686 eoeivit
1664 3623 1839 3686 ultra.
1887 3661 1975 3670 —-
2021 3631 2082 3685 et
2127 3627 2315 3700 dieas,
2364 3648 2557 3687 nonne
2600 3628 2877 3687 Muirohu

631 3715 779 3793 ipsis
823 3715 896 3774 iis
941 3715 1156 3790 verbis,
1205 3735 1456 3793 quorum
1501 3715 1604 3772 illa
1648 3716 1939 3792 praebent
1984 3722 2414 3793 argumentum,
2463 3718 2738 3776 videatur
2780 3739 2875 3776 ex-

632 3803 884 3882 plicasse
933 3825 1050 3864 non
1097 3825 1244 3884 opus
1289 3805 1472 3864 fuisse
1516 3803 1731 3863 itinere
1770 3804 2059 3863 Romano.
2134 3806 2454 3864 Praeterea
2494 3806 2557 3864 in
2588 3807 2719 3886 ipsa
2750 3807 2877 3866 vita

633 3893 856 3971 scripta
919 3901 1058 3954 sunt
1105 3896 1187 3970 (p.
1233 3893 1325 3970 II)
1372 3895 1612 3952 haecce.
1674 3889 1752 3950 P.
1795 3891 1944 3952 venit
2001 3896 2099 3970 (ex
2146 3891 2372 3970 Gallia)
2417 3892 2480 3952 in
2524 3891 2877 3956 Britannia-³

634 3991 686 4042 et
739 3980 966 4042 omissis
1025 3981 1288 4042 omnibus
1341 3977 1689 4042 ambulandi
1739 3979 2096 4083 anfractibus
2129 3991 2369 4062 praeter
2410 4002 2710 4043 commone
2752 3983 2879 4044 viae

635 4071 892 4156 officium
945 4090 1112 4132 nemo
1169 4069 1322 4130 enim
1367 4068 1649 4130 dissidiae
1690 4069 1915 4151 quaerit
1959 4070 2485 4131 dominum1cum
2530 4072 2691 4132 mnni
2731 4070 2873 4132 velo-

781 4281 803 4312 ²
843 4280 1002 4350 Quae
1041 4281 1216 4334 verba
1253 4297 1438 4333 annon
1476 4283 1630 4334 recte
1670 4280 1909 4334 verterit
1935 4279 2268 4333 Bethamius
2307 4279 2385 4346 II,
2426 4297 2481 4349 p.
2512 4281 2642 4334 307:
2678 4282 2773 4349 for
2808 4299 2879 4336 no

639 4351 844 4406 sincere
883 4367 980 4406 one
1015 4351 1158 4406 seeks
1195 4351 1279 4406 the
1318 4351 1469 4406 Lord
1503 4351 1566 4406 in
1599 4351 1755 4416 vain,
1810 4349 2035 4417 dubito,
2074 4351 2175 4405 sed
2211 4368 2323 4404 non
2363 4351 2543 4404 audeo
2580 4369 2683 4420 pro
2721 4356 2877 4408 certo
