3259 5084
1306 232 1742 289 -59-

408 410 564 471 enim
626 410 905 489 epistula,
967 414 1176 489 utpote
1236 411 1461 489 scripta
1516 430 1583 469 eo
1645 417 1938 489 tempore,
2003 431 2118 489 quo
2179 431 2310 470 cum
2355 412 2642 471 Hibernis

408 502 532 561 sedi
587 500 946 579 apostolicae
1004 500 1123 559 fuit
1184 500 1595 558 commercium
1653 536 1739 544 —
1785 521 1922 559 nam
1985 507 2211 577 septem
2271 501 2442 560 annis
2503 508 2642 561 ante

408 589 594 667 legati
640 610 713 647 ex
758 589 1053 647 Hibernia
1098 588 1351 647 Romam
1398 594 1686 648 venerant
1732 592 1848 667 (ep.
1882 589 2246 664 Cummeani,
2279 592 2478 651 Usser.
2528 597 2642 651 vet.

408 700 499 757 ep.
560 680 677 737 hib.
726 679 853 755 syll.
910 700 968 755 p.
1004 680 1085 736 23
1140 712 1216 723 -—·
1268 678 1339 736 cf.
1389 677 1583 737 Skene
1628 678 1697 736 H
1742 700 1802 755 p.
1841 680 1992 755 161)
2041 715 2124 723 -
2173 680 2433 739 omnium
2491 700 2644 757 quae

410 774 645 827 exstant
690 768 763 827 de
808 768 919 826 hac
978 788 1042 826 re
1098 766 1573 827 testimoniorum
1628 768 1917 843 optimum
1980 774 2084 827 est.
2173 768 2382 845 Neque
2443 777 2644 827 tamen

408 859 644 930 bonum,
692 877 827 915 nam
876 862 951 929 et,
1000 856 1102 933 qui
1147 856 1372 915 fuerint
1401 856 1671 914 nonnulli
1705 876 1923 929 eorum,
1973 858 2188 933 quibus
2233 858 2522 935 inscripta
2553 865 2645 917 est

402 947 688 1025 epistula,
749 947 813 1005 in·
876 948 1106 1006 occulto
1167 947 1344 1018 latet,
1407 950 1469 1005 et
1514 946 1666 1023 proh
1711 946 1899 1004 dolor!
1963 946 2237 1023 ambigue
2284 947 2506 1005 dictum
2555 951 2646 1006 est

407 1036 555 1094 illud
601 1034 902 1116 ceterisque
947 1032 1359 1095 doctoribus
1404 1054 1523 1094 seu
1566 1032 1942 1096 abbatibus
1973 1029 2196 1094 Scottis,
2261 1034 2442 1095 Certo
2489 1036 2643 1094 enim

410 1126 482 1183 ad
514 1125 704 1183 solum
738 1124 1027 1183 Saranum
1059 1124 1432 1183 referendum
1465 1144 1582 1182 non
1616 1131 1722 1196 est,
1771 1124 1876 1181 sed
1907 1131 2110 1183 utrum
2143 1124 2215 1183 de
2249 1125 2522 1183 omnibus
2567 1146 2646 1183 an

410 1216 481 1273 de
530 1214 669 1272 solis
711 1214 1005 1273 Oromano
1055 1213 1436 1288 Ernianoque
1498 1220 1561 1271 et
1619 1213 2004 1289 sequentibus
2051 1214 2272 1272 dictum
2319 1214 2426 1286 sit,
2475 1214 2642 1272 dubi-

410 1311 539 1363 tare
584 1303 741 1361 licet.
804 1302 907 1361 Ad
953 1323 1153 1361 omnes
1199 1303 1509 1361 referenda
1554 1323 1680 1363 esse
1726 1302 1830 1361 illa
1877 1304 2076 1375 verba,
2124 1323 2254 1361 mea
2301 1308 2392 1361 est
2423 1302 2643 1379 opini0‚

342 1404 352 1415 ·
408 1412 618 1470 neque,
667 1412 801 1450 cum.
844 1391 1156 1469 permagni
1201 1392 1484 1451 momenti
1531 1393 1611 1451 sit
1656 1392 1800 1450 haec
1844 1411 1964 1463 res,
2011 1397 2258 1464 taceam,
2307 1391 2522 1469 quibus
2569 1392 2645 1449 ad

408 1484 560 1541 hanc
622 1481 960 1559 opinionem
1019 1480 1309 1539 adductus
1368 1481 1481 1539 sim
1540 1480 1930 1557 argumentis:
2001 1478 2098 1538 Ac
2158 1481 2350 1557 primo
2408 1480 2645 1556 quidem

411 1571 569 1648 quod
614 1570 761 1649 ipsis
807 1570 1002 1629 verbis
1047 1570 1191 1629 haec
1245 1570 1664 1646 interpretatio
1721 1569 1929 1628 melius
1985 1570 2242 1645 quadrat
2301 1589 2477 1647 quam
2525 1570 2646 1641 illa,

410 1660 664 1719 secundo
712 1660 889 1735 quod,
936 1660 1089 1720 sicut
1132 1659 1291 1717 infra
1336 1659 1682 1731 videbimus,
1713 1658 1769 1717 N
1773 1658 2338 1733 ordenhymbrorum
2385 1658 2648 1736 episcopi

405 1750 585 1807 iidem
643 1768 845 1809 omnes
905 1750 1155 1807 abbates
1214 1748 1397 1807 fuisse
1456 1748 1760 1819 videntur,
1822 1747 2004 1806 tertio
2065 1747 2224 1824 quod
2269 1746 2647 1806 Ardmachae

411 1858 561 1916 quae
610 1837 901 1909 Tomiani,
950 1836 1237 1895 Clonardi
1283 1857 1449 1914 quae,
1496 1842 1565 1896 ut
1594 1836 1873 1908 -videtur,
1923 1836 2276 1895 Columbani
2321 1838 2486 1895 sedes
2532 1835 2650 1895 fuit

412 1928 509 2001 (cf.
542 1925 871 1988 Stevenson
903 1926 964 1983 in
997 1925 1482 1985 annotationibus
1522 1926 1598 1987 ad
1628 1925 1830 1983 Bedae
1861 1926 1900 1984 l.
1935 1946 1984 1987 c.
1996 1925 2048 2001 1)
2081 1926 2438 1984 monasteria
2467 1924 2648 1985 fuisse

413 2018 647 2073 constat
672 2014 767 2089 (cf.
802 2034 985 2091 supra
1006 2014 1087 2071 55
1115 2016 1245 2090 sq.),
1282 2020 1495 2089 quarto
1528 2014 1688 2090 quod
1719 2014 1780 2071 in
1797 2013 2142 2073 Adamnani
2165 2015 2292 2074 vita
2325 2014 2648 2073 Columbae

412 2104 497 2178 (1,
533 2102 615 2159 40
648 2124 706 2180 p.
742 2101 899 2181 212)
932 2102 1189 2161 occurrit
1220 2102 1499 2161 Conallus
1532 2103 1774 2180 quidam
1807 2102 2126 2183 episcopus,
2174 2124 2350 2181 quem
2397 2104 2648 2161 eundem

411 2190 767 2253 monasterio
815 2191 1042 2249 cuidam
1091 2192 1417 2269 praefuisse
1473 2192 1757 2254 sermonis
1813 2199 2124 2252 contextus
2179 2193 2377 2266 docet,
2438 2193 2648 2269 quinto

412 2280 570 2357 quod
630 2281 788 2380 apud
848 2280 1098 2339 eundem
1159 2280 1579 2342 Adamnanum
1648 2282 1869 2340 mentio
1938 2281 2009 2340 fit,
2069 2282 2265 2359 Golgii
2327 2282 2648 2358 cujusdam,

284 2379 302 2451 J
402 2367 685 2448 primarii
738 2365 988 2449 alicujus
1048 2367 1309 2429 ecclesiae
1356 2371 1570 2445 (1,17
1622 2393 1679 2448 p.
1731 2370 1903 2445 204),
1966 2371 2068 2446 qui
2131 2391 2260 2429 cum
2323 2390 2650 2429 sermonem

407 2458 683 2517 habuisse
731 2459 966 2517 dicatur
1007 2478 1143 2516 cum
1174 2458 1463 2517 Columba
1496 2458 1569 2519 de
1611 2476 1729 2517 uno
1761 2456 1949 2518 tenaci
1983 2456 2334 2538 primatium
2378 2458 2451 2518 de
2470 2476 2646 2537 prae·

402 2546 607 2625 positis
654 2565 791 2606 suae
837 2544 1151 2606 dioeceseos
1198 2548 1283 2622 (1,
1317 2548 1398 2605 29
1448 2569 1504 2625 p.
1540 2548 1696 2622 208)
1745 2546 2056 2624 episcopus
2103 2552 2190 2619 et,
2239 2568 2372 2605 cum
2417 2547 2650 2624 saepius

410 2636 571 2713 apud
618 2634 972 2694 Columbam
1016 2636 1063 2694 J
1064 2654 1211 2693 onae
1260 2640 1652 2695 commoratus
1692 2634 1787 2707 sit,
1846 2634 2166 2694 monachus
2212 2642 2303 2695 est
2347 2636 2650 2697 habendus

409 2726 507 2800 (cf.
556 2723 814 2783 Adamn.
870 2726 924 2797 1,
974 2725 1055 2782 27
1105 2745 1162 2800 p.
1213 2725 1386 2799 207),
1451 2730 1619 2783 sexto
1681 2724 1936 2800 denique
1996 2724 2156 2799 quod
2213 2724 2278 2783 in
2338 2724 2652 2783 annalibus

409 2834 587 2891 saepe
634 2820 951 2873 occurrunt
997 2814 1259 2891 episcopi
1307 2814 1408 2889 qui
1454 2814 1632 2871 iidem
1663 2813 1910 2874 abbates
1956 2820 2128 2873 erant
2159 2814 2301 2890 (vid.
2336 2813 2530 2873 Skene
2562 2814 2650 2886 ΙΙ,

409 2924 465 2979 p.
516 2902 599 2961 44
648 2909 770 2963 not.
821 2904 906 2979 8).
1002 2902 1121 2961 Sed
1183 2902 1546 2961 levissimum
1594 2909 1687 2961 est
1739 2898 1892 2962 ⁴illud
1951 2911 2200 2965 sextum.
2301 2904 2456 2964 Nam
2519 2923 2650 2961 cum

410 2992 713 3050 annalium
770 2992 872 3068 qui
919 2998 1155 3051 exstant
1200 2991 1617 3068 antiquissimi,
1663 2992 2024 3067 Tigernachi
2056 2994 2126 3070 (†
2164 2994 2357 3067 1088)
2391 2993 2650 3063 annales,

321 3068 327 3075 ⁸
410 3082 645 3139 saeculo
710 3081 943 3139 demum
1004 3081 1311 3139 undecimo
1359 3082 1682 3158 conscripti
1742 3081 1886 3152 sint,
1949 3101 2138 3156 pauca
2197 3081 2330 3152 illa,
2394 3100 2543 3157 quae
2589 3078 2652 3138 in

412 3169 725 3227 annalibus
771 3169 1009 3245 prodita
1055 3175 1193 3227 sunt
1238 3169 1599 3243 hujusmodi:
1663 3166 1762 3229 ille
1806 3167 1976 3250 episc.
2024 3167 2184 3241 obiit,
2244 3165 2340 3227 ille
2385 3167 2556 3247 episc.
2601 3176 2652 3227 et

412 3255 537 3317 abb.
586 3255 738 3330 obiit,
784 3254 879 3315 ille
924 3255 1051 3317 abb.
1100 3255 1237 3317 obiit
1281 3257 1493 3316 idonea
1540 3278 1666 3315 esse
1713 3278 1830 3316 non
1872 3257 2168 3327 videntur,
2217 3257 2430 3333 quibus
2477 3278 2650 3334 argu-

410 3346 627 3411 mentis
672 3352 929 3404 utamur.
962 3345 1128 3405 ,Etsi
1176 3346 1331 3405 enim
1380 3346 1817 3421 antiquioribus
1865 3346 2102 3423 scriptis
2147 3346 2242 3405 usi
2271 3353 2410 3405 sunt
2443 3346 2650 3423 'Piger-

414 3436 635 3495 nachus
684 3441 744 3493 et
788 3436 1164 3512 posteriores,
1212 3440 1411 3495 tamen
1446 3440 1608 3493 certa
1641 3454 1784 3508 esse,
1833 3454 1983 3511 quae
2023 3435 2094 3493 de
2127 3435 2422 3512 dignitate
2454 3436 2650 3513 singu-

411 3526 603 3583 lorum
652 3524 1059 3601 prodiderunt,
1109 3525 1240 3602 quis
1287 3523 1581 3584 affirmet?
1651 3524 1784 3586 Non
1835 3543 1976 3583 vero
2021 3526 2260 3584 omnino
2317 3545 2468 3603 nego
2521 3524 2653 3585 fieri

411 3634 611 3689 posse,
656 3621 725 3672 ut
782 3613 1101 3689 aliquando
1146 3614 1211 3673 id
1256 3614 1475 3692 ipsum,
1541 3612 1701 3691 quod
1755 3614 1994 3673 annales
2040 3615 2303 3689 ejusdem
2348 3615 2512 3673 urbis
2558 3615 2653 3673 vel

413 3702 759 3761 monasterii
821 3704 1123 3780 praesules
1179 3703 1352 3763 modo
1412 3704 1663 3763 abbates
1723 3702 1896 3761 modo
1945 3703 2252 3781 episcopos
2299 3709 2362 3763 ct
2405 3705 2654 3763 abbates

416 3791 739 3862 nominant,
786 3790 863 3850 ad
909 3792 1375 3853 adumbrandam
1408 3792 1688 3851 ecclesiae
1721 3790 2030 3852 Scotorum
2076 3792 2385 3852 historiam
2427 3791 2653 3869 aliquid

414 3880 699 3938 momenti
744 3880 979 3955 afferat,
1028 3883 1132 3941 sed
1176 3882 1383 3941 itidem
1431 3880 1561 3939 fieri
1605 3881 1835 3960 potuit,
1881 3888 1951 3939 ut
1997 3882 2300 3942 nominum
2345 3902 2414 3941 ac
2459 3880 2651 3957 digni-

415 3972 607 4027 tatum
669 3967 863 4029 minus
926 3972 1245 4049 diligenter
1304 3971 1593 4029 rationem
1656 3970 1946 4031 haberent
2007 3971 2346 4049 scriptores.
2437 3970 2654 4044 Itaque

567 4196 586 4225 ¹
628 4194 825 4247 Verba
864 4195 1129 4247 adderem
1156 4197 1225 4250 de
1253 4196 1550 4259 Baithano,
1592 4196 1701 4247 nisi
1741 4195 1886 4249 falsa
1923 4200 2124 4256 essent,
2167 4210 2308 4262 quae
2338 4193 2654 4247 Stevenson

417 4268 479 4320 in
518 4266 886 4321 annotatione
926 4266 997 4318 de
1039 4283 1103 4318 eo
1142 4268 1377 4333 profert.
1443 4266 1531 4319 De
1571 4267 1754 4318 altero
1795 4268 1944 4319 enim
1981 4266 2260 4319 Baithano
2287 4264 2652 4321 Adamnanus

420 4339 641 4393 locutus
680 4354 801 4393 esse
840 4336 1085 4403 videtur,
1124 4338 1195 4391 (16
1234 4339 1412 4391 altero
1452 4336 1744 4391 «Iohannes
1781 4354 1948 4405 papa.
