<?xml version="1.0" encoding="UTF-8"?>
<!DOCTYPE html PUBLIC "-//W3C//DTD XHTML 1.0 Transitional//EN"
    "http://www.w3.org/TR/xhtml1/DTD/xhtml1-transitional.dtd">
<html xmlns="http://www.w3.org/1999/xhtml" xml:lang="en" lang="en">
 <head>
  <title>
</title>
<meta http-equiv="Content-Type" content="text/html;charset=utf-8" />
  <meta name='ocr-system' content='tesseract 3.04.00' />
  <meta name='ocr-capabilities' content='ocr_page ocr_carea ocr_par ocr_line ocrx_word'/>
</head>
<body>
  <div class='ocr_page' id='page_1' title='image "./antiquaebritonu02loofgoog_0122.png"; bbox 0 0 3259 5084; ppageno 0'>
   <div class='ocr_carea' id='block_1_1' title="bbox 1498 239 1970 307">
    <p class='ocr_par' dir='ltr' id='par_1_1' title="bbox 1498 239 1970 307">
     <span class='ocr_line' id='line_1_1' title="bbox 1498 239 1970 307; baseline -0.015 -7"><span class='ocrx_word' id='word_1_1' title='bbox 1498 273 1572 283; x_wconf 87' lang='lat'><strong>-—</strong></span> <span class='ocrx_word' id='word_1_2' title='bbox 1674 239 1800 307; x_wconf 77' lang='lat'><strong>114</strong></span> <span class='ocrx_word' id='word_1_3' title='bbox 1893 273 1970 293; x_wconf 79' lang='lat'><strong>.—</strong></span> 
     </span>
    </p>
   </div>
   <div class='ocr_carea' id='block_1_2' title="bbox 524 415 2869 4044">
    <p class='ocr_par' dir='ltr' id='par_1_2' title="bbox 612 415 2869 1206">
     <span class='ocr_line' id='line_1_2' title="bbox 618 415 2859 497; baseline -0.003 -18"><span class='ocrx_word' id='word_1_4' title='bbox 618 418 907 497; x_wconf 80' lang='lat' dir='ltr'><strong>originem</strong></span> <span class='ocrx_word' id='word_1_5' title='bbox 958 418 1119 485; x_wconf 78' lang='lat' dir='ltr'><strong>illius</strong></span> <span class='ocrx_word' id='word_1_6' title='bbox 1174 417 1353 479; x_wconf 86' lang='lat' dir='ltr'><strong>moris</strong></span> <span class='ocrx_word' id='word_1_7' title='bbox 1407 417 1793 495; x_wconf 84' lang='lat' dir='ltr'><strong>repetendam</strong></span> <span class='ocrx_word' id='word_1_8' title='bbox 1839 436 1964 478; x_wconf 86' lang='lat' dir='ltr'><strong>esse</strong></span> <span class='ocrx_word' id='word_1_9' title='bbox 2009 437 2046 474; x_wconf 88' lang='lat' dir='ltr'><strong>a</strong></span> <span class='ocrx_word' id='word_1_10' title='bbox 2091 415 2406 489; x_wconf 86' lang='lat' dir='ltr'><strong>Columba,</strong></span> <span class='ocrx_word' id='word_1_11' title='bbox 2476 416 2699 494; x_wconf 88' lang='lat' dir='ltr'><strong>quippe</strong></span> <span class='ocrx_word' id='word_1_12' title='bbox 2747 416 2859 493; x_wconf 74' lang='lat' dir='ltr'><strong>qui</strong></span> 
     </span>
     <span class='ocr_line' id='line_1_3' title="bbox 619 504 2865 595; baseline -0.001 -28"><span class='ocrx_word' id='word_1_13' title='bbox 619 528 848 569; x_wconf 85' lang='lat' dir='ltr'><strong>morum</strong></span> <span class='ocrx_word' id='word_1_14' title='bbox 924 506 1269 595; x_wconf 62' lang='lat' dir='ltr'><strong>integritate</strong></span> <span class='ocrx_word' id='word_1_15' title='bbox 1346 527 1621 583; x_wconf 84' lang='lat' dir='ltr'><strong>magnam</strong></span> <span class='ocrx_word' id='word_1_16' title='bbox 1701 505 1862 585; x_wconf 84' lang='lat' dir='ltr'><strong>apud</strong></span> <span class='ocrx_word' id='word_1_17' title='bbox 1935 504 2142 567; x_wconf 77' lang='lat' dir='ltr'><strong>Gallos</strong></span> <span class='ocrx_word' id='word_1_18' title='bbox 2215 505 2332 565; x_wconf 88' lang='lat' dir='ltr'><strong>sibi</strong></span> <span class='ocrx_word' id='word_1_19' title='bbox 2417 504 2865 584; x_wconf 71' lang='lat' dir='ltr'><strong>comparaverit</strong></span> 
     </span>
     <span class='ocr_line' id='line_1_4' title="bbox 618 590 2869 672; baseline -0.001 -15"><span class='ocrx_word' id='word_1_20' title='bbox 618 596 1036 665; x_wconf 83' lang='lat' dir='ltr'><strong>auctoritatem</strong></span> <span class='ocrx_word' id='word_1_21' title='bbox 1080 596 1179 671; x_wconf 78' lang='lat' dir='ltr'><strong>(cf.</strong></span> <span class='ocrx_word' id='word_1_22' title='bbox 1226 590 1498 672; x_wconf 67' lang='lat' dir='ltr'><strong>Loenin&#39;g</strong></span> <span class='ocrx_word' id='word_1_23' title='bbox 1542 594 1629 666; x_wconf 87' lang='lat' dir='ltr'><strong>II,</strong></span> <span class='ocrx_word' id='word_1_24' title='bbox 1677 616 1735 671; x_wconf 90' lang='lat' dir='ltr'><strong>p.</strong></span> <span class='ocrx_word' id='word_1_25' title='bbox 1783 596 1866 653; x_wconf 79' lang='lat'><strong>4¹7</strong></span> <span class='ocrx_word' id='word_1_26' title='bbox 1875 595 1910 651; x_wconf 82' lang='lat'><strong>2</strong></span> <span class='ocrx_word' id='word_1_27' title='bbox 1953 597 2124 671; x_wconf 60' lang='lat' dir='ltr'><strong>sqq).</strong></span> <span class='ocrx_word' id='word_1_28' title='bbox 2214 594 2428 657; x_wconf 80' lang='lat' dir='ltr'><strong>Nonne</strong></span> <span class='ocrx_word' id='word_1_29' title='bbox 2471 594 2600 671; x_wconf 86' lang='lat' dir='ltr'><strong>ipse</strong></span> <span class='ocrx_word' id='word_1_30' title='bbox 2645 600 2869 659; x_wconf 81' lang='lat' dir='ltr'><strong>narrat-</strong></span> 
     </span>
     <span class='ocr_line' id='line_1_5' title="bbox 618 681 2855 764; baseline -0.001 -20"><span class='ocrx_word' id='word_1_31' title='bbox 618 690 735 764; x_wconf 87' lang='lat' dir='ltr'><strong>(ep.</strong></span> <span class='ocrx_word' id='word_1_32' title='bbox 786 686 845 758; x_wconf 85' lang='lat'><strong>5,</strong></span> <span class='ocrx_word' id='word_1_33' title='bbox 896 705 957 764; x_wconf 88' lang='lat' dir='ltr'><strong>p.</strong></span> <span class='ocrx_word' id='word_1_34' title='bbox 1004 685 1089 753; x_wconf 73' lang='lat'><strong>32</strong></span> <span class='ocrx_word' id='word_1_35' title='bbox 1136 682 1219 760; x_wconf 76' lang='lat' dir='ltr'><strong>G)</strong></span> <span class='ocrx_word' id='word_1_36' title='bbox 1280 685 1589 761; x_wconf 81' lang='lat' dir='ltr'><strong>episcopos</strong></span> <span class='ocrx_word' id='word_1_37' title='bbox 1651 682 1964 751; x_wconf 78' lang='lat' dir='ltr'>simoniae-</span> <span class='ocrx_word' id='word_1_38' title='bbox 1995 690 2057 743; x_wconf 89' lang='lat' dir='ltr'><strong>et</strong></span> <span class='ocrx_word' id='word_1_39' title='bbox 2115 681 2524 745; x_wconf 72' lang='lat' dir='ltr'><strong>fornicationis</strong></span> <span class='ocrx_word' id='word_1_40' title='bbox 2583 702 2722 752; x_wconf 80' lang='lat' dir='ltr'><strong>reos</strong></span> <span class='ocrx_word' id='word_1_41' title='bbox 2789 702 2855 743; x_wconf 86' lang='lat' dir='ltr'><strong>se</strong></span> 
     </span>
     <span class='ocr_line' id='line_1_6' title="bbox 616 772 2858 855; baseline 0 -22"><span class='ocrx_word' id='word_1_42' title='bbox 616 776 811 855; x_wconf 83' lang='lat' dir='ltr'><strong>ipsum</strong></span> <span class='ocrx_word' id='word_1_43' title='bbox 866 772 1250 844; x_wconf 82' lang='lat' dir='ltr'><strong>consuluisse,</strong></span> <span class='ocrx_word' id='word_1_44' title='bbox 1318 779 1521 834; x_wconf 84' lang='lat' dir='ltr'><strong>utrum</strong></span> <span class='ocrx_word' id='word_1_45' title='bbox 1576 772 1710 837; x_wconf 79' lang='lat' dir='ltr'><strong>sine</strong></span> <span class='ocrx_word' id='word_1_46' title='bbox 1763 772 2028 849; x_wconf 84' lang='lat' dir='ltr'><strong>periculo</strong></span> <span class='ocrx_word' id='word_1_47' title='bbox 2083 792 2323 843; x_wconf 74' lang='lat' dir='ltr'><strong>munere</strong></span> <span class='ocrx_word' id='word_1_48' title='bbox 2375 772 2546 849; x_wconf 77' lang='lat' dir='ltr'><strong>fungi</strong></span> <span class='ocrx_word' id='word_1_49' title='bbox 2589 778 2858 852; x_wconf 78' lang='lat' dir='ltr'><strong>possent,</strong></span> 
     </span>
     <span class='ocr_line' id='line_1_7' title="bbox 616 860 2864 939; baseline -0.002 -16"><span class='ocrx_word' id='word_1_50' title='bbox 616 862 839 923; x_wconf 79' lang='lat' dir='ltr'><strong>necne?</strong></span> <span class='ocrx_word' id='word_1_51' title='bbox 908 862 1187 929; x_wconf 79' lang='lat' dir='ltr'><strong>Profecto</strong></span> <span class='ocrx_word' id='word_1_52' title='bbox 1233 862 1327 922; x_wconf 85' lang='lat' dir='ltr'><strong>his</strong></span> <span class='ocrx_word' id='word_1_53' title='bbox 1386 860 1764 939; x_wconf 85' lang='lat' dir='ltr'><strong>perspicuum</strong></span> <span class='ocrx_word' id='word_1_54' title='bbox 1811 868 1902 921; x_wconf 85' lang='lat' dir='ltr'><strong>est</strong></span> <span class='ocrx_word' id='word_1_55' title='bbox 1917 905 1932 934; x_wconf 91' lang='lat'><strong>,</strong></span> <span class='ocrx_word' id='word_1_56' title='bbox 1994 866 2220 937; x_wconf 77' lang='lat' dir='ltr'><strong>quanta</strong></span> <span class='ocrx_word' id='word_1_57' title='bbox 2280 861 2463 921; x_wconf 63' lang='lat' dir='ltr'><strong>tuerit</strong></span> <span class='ocrx_word' id='word_1_58' title='bbox 2524 860 2864 925; x_wconf 74' lang='lat' dir='ltr'><strong>Columbae</strong></span> 
     </span>
     <span class='ocr_line' id='line_1_8' title="bbox 616 948 2864 1027; baseline -0.002 -16"><span class='ocrx_word' id='word_1_59' title='bbox 616 952 957 1025; x_wconf 80' lang='lat' dir='ltr'><strong>auctoritas,</strong></span> <span class='ocrx_word' id='word_1_60' title='bbox 1002 958 1202 1019; x_wconf 78' lang='lat' dir='ltr'><strong>tamen</strong></span> <span class='ocrx_word' id='word_1_61' title='bbox 1240 972 1313 1011; x_wconf 87' lang='lat' dir='ltr'><strong>ne</strong></span> <span class='ocrx_word' id='word_1_62' title='bbox 1346 950 1491 1011; x_wconf 84' lang='lat' dir='ltr'><strong>haec</strong></span> <span class='ocrx_word' id='word_1_63' title='bbox 1522 950 1761 1027; x_wconf 84' lang='lat' dir='ltr'><strong>quidem</strong></span> <span class='ocrx_word' id='word_1_64' title='bbox 1804 970 1898 1009; x_wconf 82' lang='lat' dir='ltr'><strong>res</strong></span> <span class='ocrx_word' id='word_1_65' title='bbox 1944 949 2146 1026; x_wconf 80' lang='lat' dir='ltr'><strong>magni</strong></span> <span class='ocrx_word' id='word_1_66' title='bbox 2191 948 2477 1009; x_wconf 76' lang='lat' dir='ltr'><strong>momenti</strong></span> <span class='ocrx_word' id='word_1_67' title='bbox 2519 956 2615 1009; x_wconf 84' lang='lat' dir='ltr'><strong>est</strong></span> <span class='ocrx_word' id='word_1_68' title='bbox 2660 949 2864 1021; x_wconf 66' lang='lat' dir='ltr'><strong>nobis,</strong></span> 
     </span>
     <span class='ocr_line' id='line_1_9' title="bbox 617 1037 2864 1121; baseline -0.001 -22"><span class='ocrx_word' id='word_1_69' title='bbox 617 1041 775 1121; x_wconf 87' lang='lat' dir='ltr'><strong>quia,</strong></span> <span class='ocrx_word' id='word_1_70' title='bbox 822 1040 927 1116; x_wconf 85' lang='lat' dir='ltr'><strong>qui</strong></span> <span class='ocrx_word' id='word_1_71' title='bbox 970 1041 1168 1102; x_wconf 82' lang='lat' dir='ltr'><strong>fuerat</strong></span> <span class='ocrx_word' id='word_1_72' title='bbox 1210 1038 1522 1101; x_wconf 78' lang='lat' dir='ltr'>Scotorum</span> <span class='ocrx_word' id='word_1_73' title='bbox 1570 1060 1696 1099; x_wconf 88' lang='lat' dir='ltr'><strong>mos</strong></span> <span class='ocrx_word' id='word_1_74' title='bbox 1740 1039 2046 1117; x_wconf 87' lang='lat' dir='ltr'><strong>proprius,</strong></span> <span class='ocrx_word' id='word_1_75' title='bbox 2104 1037 2167 1097; x_wconf 85' lang='lat' dir='ltr'><strong>in</strong></span> <span class='ocrx_word' id='word_1_76' title='bbox 2201 1038 2525 1105; x_wconf 75' lang='lat' dir='ltr'><strong>,universae</strong></span> <span class='ocrx_word' id='word_1_77' title='bbox 2571 1038 2864 1108; x_wconf 83' lang='lat' dir='ltr'><strong>ecclesiae</strong></span> 
     </span>
     <span class='ocr_line' id='line_1_10' title="bbox 612 1135 1253 1206; baseline -0.009 -13"><span class='ocrx_word' id='word_1_78' title='bbox 612 1151 785 1196; x_wconf 82' lang='lat' dir='ltr'><strong>usum</strong></span> <span class='ocrx_word' id='word_1_79' title='bbox 828 1135 1101 1206; x_wconf 83' lang='lat' dir='ltr'><strong>receptus</strong></span> <span class='ocrx_word' id='word_1_80' title='bbox 1146 1136 1253 1191; x_wconf 87' lang='lat' dir='ltr'><strong>est.</strong></span> 
     </span>
    </p>

    <p class='ocr_par' dir='ltr' id='par_1_3' title="bbox 542 1215 2867 2097">
     <span class='ocr_line' id='line_1_11' title="bbox 685 1215 2856 1294; baseline -0 -18"><span class='ocrx_word' id='word_1_81' title='bbox 685 1234 693 1243; x_wconf 94' lang='lat'><strong>·</strong></span> <span class='ocrx_word' id='word_1_82' title='bbox 794 1217 1031 1294; x_wconf 87' lang='lat' dir='ltr'><strong>Itaque,</strong></span> <span class='ocrx_word' id='word_1_83' title='bbox 1078 1223 1146 1276; x_wconf 90' lang='lat' dir='ltr'><strong>ut</strong></span> <span class='ocrx_word' id='word_1_84' title='bbox 1190 1238 1321 1283; x_wconf 82' lang='lat' dir='ltr'><strong>cum</strong></span> <span class='ocrx_word' id='word_1_85' title='bbox 1364 1215 1551 1277; x_wconf 87' lang='lat' dir='ltr'><strong>totius</strong></span> <span class='ocrx_word' id='word_1_86' title='bbox 1594 1222 1834 1285; x_wconf 87' lang='lat' dir='ltr'><strong>nostrae</strong></span> <span class='ocrx_word' id='word_1_87' title='bbox 1881 1215 2309 1293; x_wconf 73' lang='lat' dir='ltr'><strong>disputationis</strong></span> <span class='ocrx_word' id='word_1_88' title='bbox 2351 1223 2480 1278; x_wconf 86' lang='lat' dir='ltr'><strong>tum</strong></span> <span class='ocrx_word' id='word_1_89' title='bbox 2524 1216 2702 1291; x_wconf 71' lang='lat' dir='ltr'><strong>hujus</strong></span> <span class='ocrx_word' id='word_1_90' title='bbox 2750 1236 2856 1275; x_wconf 47' lang='lat' dir='ltr'><strong>ex*</strong></span> 
     </span>
     <span class='ocr_line' id='line_1_12' title="bbox 612 1304 2867 1383; baseline -0.003 -13"><span class='ocrx_word' id='word_1_91' title='bbox 612 1316 838 1371; x_wconf 71' lang='lat' dir='ltr'><strong>tramae</strong></span> <span class='ocrx_word' id='word_1_92' title='bbox 882 1306 1073 1383; x_wconf 85' lang='lat' dir='ltr'><strong>partis</strong></span> <span class='ocrx_word' id='word_1_93' title='bbox 1116 1326 1402 1369; x_wconf 82' lang='lat' dir='ltr'><strong>summam</strong></span> <span class='ocrx_word' id='word_1_94' title='bbox 1447 1305 1750 1377; x_wconf 86' lang='lat' dir='ltr'><strong>faciamus,</strong></span> <span class='ocrx_word' id='word_1_95' title='bbox 1797 1325 1916 1369; x_wconf 83' lang='lat' dir='ltr'><strong>non</strong></span> <span class='ocrx_word' id='word_1_96' title='bbox 1961 1305 2102 1373; x_wconf 79' lang='lat' dir='ltr'><strong>licet</strong></span> <span class='ocrx_word' id='word_1_97' title='bbox 2147 1306 2234 1365; x_wconf 88' lang='lat' dir='ltr'><strong>ita</strong></span> <span class='ocrx_word' id='word_1_98' title='bbox 2278 1304 2500 1366; x_wconf 84' lang='lat' dir='ltr'><strong>sentire</strong></span> <span class='ocrx_word' id='word_1_99' title='bbox 2546 1304 2621 1363; x_wconf 88' lang='lat' dir='ltr'><strong>de</strong></span> <span class='ocrx_word' id='word_1_100' title='bbox 2654 1304 2867 1373; x_wconf 80' lang='lat' dir='ltr'><strong>Scotis-</strong></span> 
     </span>
     <span class='ocr_line' id='line_1_13' title="bbox 615 1393 2863 1467; baseline -0.002 -10"><span class='ocrx_word' id='word_1_101' title='bbox 615 1404 676 1457; x_wconf 91' lang='lat' dir='ltr'><strong>et</strong></span> <span class='ocrx_word' id='word_1_102' title='bbox 721 1396 797 1457; x_wconf 89' lang='lat' dir='ltr'><strong>de</strong></span> <span class='ocrx_word' id='word_1_103' title='bbox 842 1395 1129 1457; x_wconf 82' lang='lat' dir='ltr'><strong>Columba</strong></span> <span class='ocrx_word' id='word_1_104' title='bbox 1170 1394 1559 1467; x_wconf 83' lang='lat' dir='ltr'><strong>Luxoviensi,</strong></span> <span class='ocrx_word' id='word_1_105' title='bbox 1620 1400 1690 1455; x_wconf 86' lang='lat' dir='ltr'><strong>ut</strong></span> <span class='ocrx_word' id='word_1_106' title='bbox 1743 1414 1840 1454; x_wconf 84' lang='lat' dir='ltr'><strong>res</strong></span> <span class='ocrx_word' id='word_1_107' title='bbox 1897 1394 2228 1453; x_wconf 81' lang='lat' dir='ltr'><strong>necessaria</strong></span> <span class='ocrx_word' id='word_1_108' title='bbox 2281 1393 2556 1456; x_wconf 86' lang='lat' dir='ltr'><strong>videatur</strong></span> <span class='ocrx_word' id='word_1_109' title='bbox 2615 1400 2863 1453; x_wconf 82' lang='lat' dir='ltr'><strong>contro--</strong></span> 
     </span>
     <span class='ocr_line' id='line_1_14' title="bbox 614 1480 2852 1547; baseline -0.002 0"><span class='ocrx_word' id='word_1_110' title='bbox 614 1485 811 1547; x_wconf 87' lang='lat' dir='ltr'><strong>versia</strong></span> <span class='ocrx_word' id='word_1_111' title='bbox 869 1485 1027 1545; x_wconf 89' lang='lat' dir='ltr'><strong>inter</strong></span> <span class='ocrx_word' id='word_1_112' title='bbox 1082 1483 1291 1546; x_wconf 83' lang='lat' dir='ltr'><strong>Scotos</strong></span> <span class='ocrx_word' id='word_1_113' title='bbox 1350 1484 1415 1541; x_wconf 89' lang='lat' dir='ltr'><strong>in</strong></span> <span class='ocrx_word' id='word_1_114' title='bbox 1461 1481 1662 1543; x_wconf 85' lang='lat' dir='ltr'><strong>Gallia</strong></span> <span class='ocrx_word' id='word_1_115' title='bbox 1717 1489 1779 1542; x_wconf 89' lang='lat' dir='ltr'><strong>et</strong></span> <span class='ocrx_word' id='word_1_116' title='bbox 1823 1480 2148 1544; x_wconf 81' lang='lat' dir='ltr'><strong>Germania</strong></span> <span class='ocrx_word' id='word_1_117' title='bbox 2207 1489 2512 1542; x_wconf 83' lang='lat' dir='ltr'><strong>versantes</strong></span> <span class='ocrx_word' id='word_1_118' title='bbox 2557 1488 2620 1541; x_wconf 86' lang='lat' dir='ltr'><strong>et</strong></span> <span class='ocrx_word' id='word_1_119' title='bbox 2662 1481 2852 1544; x_wconf 78' lang='lat' dir='ltr'><strong>Boni·</strong></span> 
     </span>
     <span class='ocr_line' id='line_1_15' title="bbox 612 1570 2858 1650; baseline -0.001 -17"><span class='ocrx_word' id='word_1_120' title='bbox 612 1574 841 1647; x_wconf 72' lang='lat' dir='ltr'><strong>fatiam,</strong></span> <span class='ocrx_word' id='word_1_121' title='bbox 886 1574 1289 1635; x_wconf 85' lang='lat' dir='ltr'><strong>Romanorum</strong></span> <span class='ocrx_word' id='word_1_122' title='bbox 1334 1571 1682 1650; x_wconf 84' lang='lat' dir='ltr'><strong>pontificum</strong></span> <span class='ocrx_word' id='word_1_123' title='bbox 1727 1572 2014 1648; x_wconf 56' lang='lat' dir='ltr'><strong>legatum„</strong></span> <span class='ocrx_word' id='word_1_124' title='bbox 2101 1570 2440 1634; x_wconf 78' lang='lat' dir='ltr'><strong>Similitudo</strong></span> <span class='ocrx_word' id='word_1_125' title='bbox 2501 1572 2702 1650; x_wconf 85' lang='lat' dir='ltr'><strong>potius</strong></span> <span class='ocrx_word' id='word_1_126' title='bbox 2759 1578 2858 1633; x_wconf 85' lang='lat' dir='ltr'><strong>est</strong></span> 
     </span>
     <span class='ocr_line' id='line_1_16' title="bbox 614 1659 2861 1739; baseline 0 -17"><span class='ocrx_word' id='word_1_127' title='bbox 614 1664 936 1729; x_wconf 79' lang='lat' dir='ltr'><strong>Columbae</strong></span> <span class='ocrx_word' id='word_1_128' title='bbox 1000 1682 1129 1721; x_wconf 86' lang='lat' dir='ltr'><strong>cum</strong></span> <span class='ocrx_word' id='word_1_129' title='bbox 1190 1660 1522 1733; x_wconf 79' lang='lat' dir='ltr'><strong>Boni-fatie,</strong></span> <span class='ocrx_word' id='word_1_130' title='bbox 1582 1659 1780 1727; x_wconf 78' lang='lat' dir='ltr'><strong>Sectis</strong></span> <span class='ocrx_word' id='word_1_131' title='bbox 1839 1660 2359 1739; x_wconf 77' lang='lat' dir='ltr'><strong>peregrinantibus</strong></span> <span class='ocrx_word' id='word_1_132' title='bbox 2422 1680 2554 1719; x_wconf 87' lang='lat' dir='ltr'><strong>cum</strong></span> <span class='ocrx_word' id='word_1_133' title='bbox 2608 1660 2861 1738; x_wconf 52' lang='lat' dir='ltr'><strong>Angli&amp;</strong></span> 
     </span>
     <span class='ocr_line' id='line_1_17' title="bbox 542 1748 2849 1829; baseline -0.002 -18"><span class='ocrx_word' id='word_1_134' title='bbox 542 1781 545 1783; x_wconf 27' lang='lat' dir='ltr'>v</span> <span class='ocrx_word' id='word_1_135' title='bbox 609 1754 765 1819; x_wconf 72' lang='lat' dir='ltr'><strong>Nam</strong></span> <span class='ocrx_word' id='word_1_136' title='bbox 810 1760 1085 1829; x_wconf 79' lang='lat' dir='ltr'><strong>uterque,</strong></span> <span class='ocrx_word' id='word_1_137' title='bbox 1136 1756 1197 1809; x_wconf 92' lang='lat' dir='ltr'><strong>et</strong></span> <span class='ocrx_word' id='word_1_138' title='bbox 1242 1750 1531 1810; x_wconf 87' lang='lat' dir='ltr'><strong>Columba</strong></span> <span class='ocrx_word' id='word_1_139' title='bbox 1585 1756 1648 1809; x_wconf 90' lang='lat' dir='ltr'><strong>et</strong></span> <span class='ocrx_word' id='word_1_140' title='bbox 1695 1750 2060 1823; x_wconf 76' lang='lat' dir='ltr'><strong>Bonifatius,</strong></span> <span class='ocrx_word' id='word_1_141' title='bbox 2130 1770 2238 1809; x_wconf 82' lang='lat' dir='ltr'><strong>sua</strong></span> <span class='ocrx_word' id='word_1_142' title='bbox 2291 1748 2521 1811; x_wconf 88' lang='lat' dir='ltr'><strong>ratione</strong></span> <span class='ocrx_word' id='word_1_143' title='bbox 2565 1750 2849 1818; x_wconf 77' lang='lat' dir='ltr'><strong>ecclesiae</strong></span> 
     </span>
     <span class='ocr_line' id='line_1_18' title="bbox 612 1836 2852 1915; baseline -0.002 -12"><span class='ocrx_word' id='word_1_144' title='bbox 612 1842 959 1906; x_wconf 79' lang='lat' dir='ltr'><strong>Gallicanae</strong></span> <span class='ocrx_word' id='word_1_145' title='bbox 1005 1846 1229 1905; x_wconf 80' lang='lat' dir='ltr'><strong>statum</strong></span> <span class='ocrx_word' id='word_1_146' title='bbox 1260 1838 1613 1911; x_wconf 81' lang='lat' dir='ltr'><strong>emendavit,</strong></span> <span class='ocrx_word' id='word_1_147' title='bbox 1663 1844 1723 1897; x_wconf 91' lang='lat' dir='ltr'><strong>et</strong></span> <span class='ocrx_word' id='word_1_148' title='bbox 1753 1838 2011 1915; x_wconf 87' lang='lat' dir='ltr'><strong>utrique,</strong></span> <span class='ocrx_word' id='word_1_149' title='bbox 2031 1840 2120 1899; x_wconf 85' lang='lat' dir='ltr'><strong>&#39;et</strong></span> <span class='ocrx_word' id='word_1_150' title='bbox 2150 1836 2316 1907; x_wconf 74' lang='lat' dir='ltr'><strong>Secti</strong></span> <span class='ocrx_word' id='word_1_151' title='bbox 2361 1844 2425 1897; x_wconf 90' lang='lat' dir='ltr'><strong>et</strong></span> <span class='ocrx_word' id='word_1_152' title='bbox 2454 1836 2655 1915; x_wconf 87' lang='lat' dir='ltr'><strong>Angli,</strong></span> <span class='ocrx_word' id='word_1_153' title='bbox 2686 1838 2852 1905; x_wconf 72' lang='lat' dir='ltr'><strong>bene</strong></span> 
     </span>
     <span class='ocr_line' id='line_1_19' title="bbox 612 1924 2857 2006; baseline -0.002 -16"><span class='ocrx_word' id='word_1_154' title='bbox 612 1936 957 1998; x_wconf 75' lang='lat' dir='ltr'><strong>meruerunt¹</strong></span> <span class='ocrx_word' id='word_1_155' title='bbox 1019 1930 1093 1989; x_wconf 86' lang='lat' dir='ltr'><strong>de</strong></span> <span class='ocrx_word' id='word_1_156' title='bbox 1160 1928 1275 1987; x_wconf 88' lang='lat' dir='ltr'><strong>fide</strong></span> <span class='ocrx_word' id='word_1_157' title='bbox 1344 1927 1670 1996; x_wconf 79' lang='lat' dir='ltr'><strong>christiana</strong></span> <span class='ocrx_word' id='word_1_158' title='bbox 1730 1948 1767 1995; x_wconf 81' lang='lat' dir='ltr'><strong>a</strong></span> <span class='ocrx_word' id='word_1_159' title='bbox 1833 1928 2084 2006; x_wconf 78' lang='lat' dir='ltr'><strong>paganis</strong></span> <span class='ocrx_word' id='word_1_160' title='bbox 2139 1925 2497 1996; x_wconf 72' lang='lat' dir='ltr'><strong>Germaniae</strong></span> <span class='ocrx_word' id='word_1_161' title='bbox 2563 1924 2857 2005; x_wconf 69' lang='lat' dir='ltr'><strong>gentibus</strong></span> 
     </span>
     <span class='ocr_line' id='line_1_20' title="bbox 610 2027 901 2097; baseline -0.014 -16"><span class='ocrx_word' id='word_1_162' title='bbox 610 2027 901 2097; x_wconf 83' lang='lat' dir='ltr'><strong>suscepta.</strong></span> 
     </span>
    </p>

    <p class='ocr_par' dir='ltr' id='par_1_4' title="bbox 524 2104 2866 3601">
     <span class='ocr_line' id='line_1_21' title="bbox 788 2104 2854 2183; baseline -0.002 -16"><span class='ocrx_word' id='word_1_163' title='bbox 788 2108 924 2167; x_wconf 85' lang='lat' dir='ltr'><strong>Non</strong></span> <span class='ocrx_word' id='word_1_164' title='bbox 970 2127 1173 2167; x_wconf 85' lang='lat' dir='ltr'><strong>omnes</strong></span> <span class='ocrx_word' id='word_1_165' title='bbox 1218 2106 1374 2165; x_wconf 88' lang='lat' dir='ltr'><strong>enim</strong></span> <span class='ocrx_word' id='word_1_166' title='bbox 1420 2104 1584 2165; x_wconf 84' lang='lat' dir='ltr'><strong>Scoti</strong></span> <span class='ocrx_word' id='word_1_167' title='bbox 1630 2104 2082 2183; x_wconf 76' lang='lat' dir='ltr'><strong>peregrinantes</strong></span> <span class='ocrx_word' id='word_1_168' title='bbox 2122 2104 2277 2166; x_wconf 86' lang='lat' dir='ltr'><strong>sicut</strong></span> <span class='ocrx_word' id='word_1_169' title='bbox 2307 2104 2598 2165; x_wconf 83' lang='lat' dir='ltr'><strong>Columba</strong></span> <span class='ocrx_word' id='word_1_170' title='bbox 2643 2123 2854 2173; x_wconf 78' lang='lat' dir='ltr'><strong>conse-</strong></span> 
     </span>
     <span class='ocr_line' id='line_1_22' title="bbox 612 2192 2865 2277; baseline -0.002 -20"><span class='ocrx_word' id='word_1_171' title='bbox 612 2198 833 2261; x_wconf 78' lang='lat' dir='ltr'><strong>derunt,</strong></span> <span class='ocrx_word' id='word_1_172' title='bbox 872 2194 1065 2261; x_wconf 87' lang='lat' dir='ltr'><strong>medio</strong></span> <span class='ocrx_word' id='word_1_173' title='bbox 1111 2194 1175 2255; x_wconf 88' lang='lat' dir='ltr'><strong>in</strong></span> <span class='ocrx_word' id='word_1_174' title='bbox 1220 2195 1438 2277; x_wconf 58' lang='lat' dir='ltr'><strong>populo</strong></span> <span class='ocrx_word' id='word_1_175' title='bbox 1486 2193 1836 2266; x_wconf 73' lang='lat' dir='ltr'><strong>christiano,</strong></span> <span class='ocrx_word' id='word_1_176' title='bbox 1893 2193 1996 2253; x_wconf 88' lang='lat' dir='ltr'><strong>sed</strong></span> <span class='ocrx_word' id='word_1_177' title='bbox 2042 2194 2204 2270; x_wconf 89' lang='lat' dir='ltr'><strong>quod</strong></span> <span class='ocrx_word' id='word_1_178' title='bbox 2249 2194 2367 2273; x_wconf 84' lang='lat' dir='ltr'><strong>ipsi</strong></span> <span class='ocrx_word' id='word_1_179' title='bbox 2413 2192 2742 2259; x_wconf 84' lang='lat' dir='ltr'><strong>Columbae</strong></span> <span class='ocrx_word' id='word_1_180' title='bbox 2787 2192 2865 2259; x_wconf 76' lang='lat' dir='ltr'><strong>in.</strong></span> 
     </span>
     <span class='ocr_line' id='line_1_23' title="bbox 612 2282 2852 2360; baseline -0.002 -15"><span class='ocrx_word' id='word_1_181' title='bbox 612 2286 807 2352; x_wconf 85' lang='lat' dir='ltr'><strong>animo</strong></span> <span class='ocrx_word' id='word_1_182' title='bbox 855 2285 1049 2348; x_wconf 82' lang='lat' dir='ltr'><strong>fuerat</strong></span> <span class='ocrx_word' id='word_1_183' title='bbox 1081 2284 1179 2358; x_wconf 80' lang='lat' dir='ltr'><strong>(cf.</strong></span> <span class='ocrx_word' id='word_1_184' title='bbox 1210 2304 1300 2360; x_wconf 89' lang='lat' dir='ltr'><strong>ep.</strong></span> <span class='ocrx_word' id='word_1_185' title='bbox 1334 2284 1391 2355; x_wconf 81' lang='lat'><strong>3,</strong></span> <span class='ocrx_word' id='word_1_186' title='bbox 1438 2304 1495 2359; x_wconf 88' lang='lat' dir='ltr'><strong>p.</strong></span> <span class='ocrx_word' id='word_1_187' title='bbox 1531 2284 1610 2349; x_wconf 74' lang='lat'><strong>27</strong></span> <span class='ocrx_word' id='word_1_188' title='bbox 1645 2282 1704 2341; x_wconf 93' lang='lat' dir='ltr'>D</span> <span class='ocrx_word' id='word_1_189' title='bbox 1751 2302 1932 2360; x_wconf 88' lang='lat' dir='ltr'><strong>supra</strong></span> <span class='ocrx_word' id='word_1_190' title='bbox 1976 2303 2034 2359; x_wconf 90' lang='lat' dir='ltr'><strong>p.</strong></span> <span class='ocrx_word' id='word_1_191' title='bbox 2070 2284 2198 2359; x_wconf 90' lang='lat'><strong>91),</strong></span> <span class='ocrx_word' id='word_1_192' title='bbox 2243 2290 2312 2341; x_wconf 92' lang='lat' dir='ltr'><strong>ut</strong></span> <span class='ocrx_word' id='word_1_193' title='bbox 2354 2282 2636 2359; x_wconf 75' lang='lat' dir='ltr'><strong>gentibus</strong></span> <span class='ocrx_word' id='word_1_194' title='bbox 2667 2302 2852 2345; x_wconf 79' lang='lat' dir='ltr'><strong>evan·</strong></span> 
     </span>
     <span class='ocr_line' id='line_1_24' title="bbox 610 2369 2866 2452; baseline -0.002 -19"><span class='ocrx_word' id='word_1_195' title='bbox 610 2375 830 2452; x_wconf 83' lang='lat' dir='ltr'><strong>gelium</strong></span> <span class='ocrx_word' id='word_1_196' title='bbox 874 2371 1263 2451; x_wconf 78' lang='lat' dir='ltr'><strong>praedicaret,</strong></span> <span class='ocrx_word' id='word_1_197' title='bbox 1310 2371 1373 2431; x_wconf 89' lang='lat' dir='ltr'><strong>id</strong></span> <span class='ocrx_word' id='word_1_198' title='bbox 1416 2371 1610 2449; x_wconf 79' lang='lat' dir='ltr'><strong>ipsum</strong></span> <span class='ocrx_word' id='word_1_199' title='bbox 1659 2370 1746 2431; x_wconf 75' lang='lat' dir='ltr'><strong>St.</strong></span> <span class='ocrx_word' id='word_1_200' title='bbox 1795 2369 2036 2430; x_wconf 81' lang='lat' dir='ltr'><strong>Gallum</strong></span> <span class='ocrx_word' id='word_1_201' title='bbox 2080 2378 2143 2431; x_wconf 89' lang='lat' dir='ltr'><strong>et</strong></span> <span class='ocrx_word' id='word_1_202' title='bbox 2188 2371 2496 2431; x_wconf 83' lang='lat' dir='ltr'><strong>Kilianum</strong></span> <span class='ocrx_word' id='word_1_203' title='bbox 2540 2369 2866 2448; x_wconf 71' lang='lat' dir='ltr'><strong>peregisse·</strong></span> 
     </span>
     <span class='ocr_line' id='line_1_25' title="bbox 612 2459 2854 2538; baseline -0 -15"><span class='ocrx_word' id='word_1_204' title='bbox 612 2470 863 2525; x_wconf 88' lang='lat' dir='ltr'><strong>constat.</strong></span> <span class='ocrx_word' id='word_1_205' title='bbox 954 2462 1077 2521; x_wconf 86' lang='lat' dir='ltr'><strong>Eos</strong></span> <span class='ocrx_word' id='word_1_206' title='bbox 1122 2461 1185 2519; x_wconf 87' lang='lat' dir='ltr'><strong>in</strong></span> <span class='ocrx_word' id='word_1_207' title='bbox 1230 2461 1359 2538; x_wconf 85' lang='lat' dir='ltr'><strong>ipso</strong></span> <span class='ocrx_word' id='word_1_208' title='bbox 1405 2460 1802 2537; x_wconf 84' lang='lat' dir='ltr'><strong>praedicando</strong></span> <span class='ocrx_word' id='word_1_209' title='bbox 1846 2459 2066 2537; x_wconf 83' lang='lat' dir='ltr'><strong>Anglis</strong></span> <span class='ocrx_word' id='word_1_210' title='bbox 2121 2460 2450 2521; x_wconf 84' lang='lat' dir='ltr'><strong>simillimos</strong></span> <span class='ocrx_word' id='word_1_211' title='bbox 2493 2478 2616 2520; x_wconf 84' lang='lat' dir='ltr'><strong>non</strong></span> <span class='ocrx_word' id='word_1_212' title='bbox 2661 2459 2854 2527; x_wconf 76' lang='lat' dir='ltr'><strong>fuisse,</strong></span> 
     </span>
     <span class='ocr_line' id='line_1_26' title="bbox 614 2546 2863 2627; baseline -0.002 -16"><span class='ocrx_word' id='word_1_213' title='bbox 614 2552 934 2617; x_wconf 79' lang='lat' dir='ltr'><strong>absurdum</strong></span> <span class='ocrx_word' id='word_1_214' title='bbox 980 2557 1073 2611; x_wconf 83' lang='lat' dir='ltr'><strong>est</strong></span> <span class='ocrx_word' id='word_1_215' title='bbox 1116 2558 1346 2627; x_wconf 87' lang='lat' dir='ltr'><strong>putare.</strong></span> <span class='ocrx_word' id='word_1_216' title='bbox 1422 2548 1716 2611; x_wconf 80' lang='lat' dir='ltr'><strong>Attamen</strong></span> <span class='ocrx_word' id='word_1_217' title='bbox 1763 2568 1880 2607; x_wconf 87' lang='lat' dir='ltr'><strong>non</strong></span> <span class='ocrx_word' id='word_1_218' title='bbox 1926 2548 2165 2609; x_wconf 88' lang='lat' dir='ltr'><strong>omnino</strong></span> <span class='ocrx_word' id='word_1_219' title='bbox 2213 2549 2416 2609; x_wconf 88' lang='lat' dir='ltr'><strong>eadem</strong></span> <span class='ocrx_word' id='word_1_220' title='bbox 2461 2546 2697 2617; x_wconf 84' lang='lat' dir='ltr'><strong>ratione</strong></span> <span class='ocrx_word' id='word_1_221' title='bbox 2746 2568 2863 2614; x_wconf 80' lang='lat' dir='ltr'><strong>eos</strong></span> 
     </span>
     <span class='ocr_line' id='line_1_27' title="bbox 609 2635 2858 2717; baseline -0.004 -14"><span class='ocrx_word' id='word_1_222' title='bbox 609 2662 747 2703; x_wconf 86' lang='lat' dir='ltr'><strong>usos</strong></span> <span class='ocrx_word' id='word_1_223' title='bbox 792 2660 918 2707; x_wconf 86' lang='lat' dir='ltr'><strong>esse</strong></span> <span class='ocrx_word' id='word_1_224' title='bbox 963 2638 1190 2717; x_wconf 87' lang='lat' dir='ltr'><strong>opinor.</strong></span> <span class='ocrx_word' id='word_1_225' title='bbox 1248 2639 1403 2699; x_wconf 82' lang='lat' dir='ltr'><strong>Nam</strong></span> <span class='ocrx_word' id='word_1_226' title='bbox 1434 2657 1569 2697; x_wconf 89' lang='lat' dir='ltr'><strong>cum</strong></span> <span class='ocrx_word' id='word_1_227' title='bbox 1598 2658 1708 2715; x_wconf 84' lang='lat' dir='ltr'><strong>pro</strong></span> <span class='ocrx_word' id='word_1_228' title='bbox 1749 2645 1912 2700; x_wconf 84' lang='lat' dir='ltr'><strong>certo</strong></span> <span class='ocrx_word' id='word_1_229' title='bbox 1960 2644 2206 2711; x_wconf 87' lang='lat' dir='ltr'><strong>constet,</strong></span> <span class='ocrx_word' id='word_1_230' title='bbox 2254 2637 2413 2715; x_wconf 87' lang='lat' dir='ltr'><strong>quod</strong></span> <span class='ocrx_word' id='word_1_231' title='bbox 2457 2635 2606 2705; x_wconf 84' lang='lat' dir='ltr'><strong>satis</strong></span> <span class='ocrx_word' id='word_1_232' title='bbox 2636 2656 2858 2715; x_wconf 80' lang='lat' dir='ltr'><strong>snper-</strong></span> 
     </span>
     <span class='ocr_line' id='line_1_28' title="bbox 612 2724 2853 2808; baseline -0.003 -15"><span class='ocrx_word' id='word_1_233' title='bbox 612 2751 727 2808; x_wconf 81' lang='lat' dir='ltr'><strong>que</strong></span> <span class='ocrx_word' id='word_1_234' title='bbox 775 2749 806 2787; x_wconf 90' lang='lat' dir='ltr'><strong>e</strong></span> <span class='ocrx_word' id='word_1_235' title='bbox 852 2727 1151 2807; x_wconf 83' lang='lat' dir='ltr'><strong>prioribus</strong></span> <span class='ocrx_word' id='word_1_236' title='bbox 1196 2733 1473 2805; x_wconf 81' lang='lat' dir='ltr'><strong>apparet,</strong></span> <span class='ocrx_word' id='word_1_237' title='bbox 1530 2726 1764 2800; x_wconf 68' lang='lat' dir='ltr'><strong>scotos,</strong></span> <span class='ocrx_word' id='word_1_238' title='bbox 1826 2747 1960 2785; x_wconf 88' lang='lat' dir='ltr'><strong>cum</strong></span> <span class='ocrx_word' id='word_1_239' title='bbox 2005 2748 2038 2785; x_wconf 90' lang='lat' dir='ltr'><strong>e</strong></span> <span class='ocrx_word' id='word_1_240' title='bbox 2083 2726 2282 2805; x_wconf 86' lang='lat' dir='ltr'><strong>patria</strong></span> <span class='ocrx_word' id='word_1_241' title='bbox 2341 2725 2733 2799; x_wconf 81' lang='lat' dir='ltr'><strong>decedebant,</strong></span> <span class='ocrx_word' id='word_1_242' title='bbox 2781 2724 2853 2786; x_wconf 70' lang='lat' dir='ltr'><strong>id.</strong></span> 
     </span>
     <span class='ocr_line' id='line_1_29' title="bbox 610 2814 2857 2896; baseline -0.003 -17"><span class='ocrx_word' id='word_1_243' title='bbox 610 2817 985 2896; x_wconf 86' lang='lat' dir='ltr'><strong>potissimum</strong></span> <span class='ocrx_word' id='word_1_244' title='bbox 1052 2822 1374 2893; x_wconf 83' lang='lat' dir='ltr'><strong>spectasse,</strong></span> <span class='ocrx_word' id='word_1_245' title='bbox 1450 2821 1521 2876; x_wconf 90' lang='lat' dir='ltr'><strong>ut</strong></span> <span class='ocrx_word' id='word_1_246' title='bbox 1586 2815 2110 2893; x_wconf 80' lang='lat' dir='ltr'><strong>peregrinarentur</strong></span> <span class='ocrx_word' id='word_1_247' title='bbox 2193 2822 2258 2875; x_wconf 88' lang='lat' dir='ltr'><strong>et</strong></span> <span class='ocrx_word' id='word_1_248' title='bbox 2323 2814 2664 2877; x_wconf 80' lang='lat' dir='ltr'><strong>exsularent</strong></span> <span class='ocrx_word' id='word_1_249' title='bbox 2730 2832 2857 2892; x_wconf 79' lang='lat' dir='ltr'><strong>pro·</strong></span> 
     </span>
     <span class='ocr_line' id='line_1_30' title="bbox 612 2898 2852 2982; baseline -0.002 -17"><span class='ocrx_word' id='word_1_250' title='bbox 612 2906 870 2977; x_wconf 70' lang='lat' dir='ltr'><strong>Christo,</strong></span> <span class='ocrx_word' id='word_1_251' title='bbox 916 2904 1062 2965; x_wconf 86' lang='lat' dir='ltr'><strong>mihi</strong></span> <span class='ocrx_word' id='word_1_252' title='bbox 1104 2903 1459 2980; x_wconf 82' lang='lat' dir='ltr'><strong>persuadere</strong></span> <span class='ocrx_word' id='word_1_253' title='bbox 1504 2923 1623 2963; x_wconf 86' lang='lat' dir='ltr'><strong>non</strong></span> <span class='ocrx_word' id='word_1_254' title='bbox 1668 2924 1934 2982; x_wconf 84' lang='lat' dir='ltr'><strong>possum,</strong></span> <span class='ocrx_word' id='word_1_255' title='bbox 1992 2924 2090 2965; x_wconf 86' lang='lat' dir='ltr'><strong>eos</strong></span> <span class='ocrx_word' id='word_1_256' title='bbox 2153 2922 2340 2979; x_wconf 88' lang='lat' dir='ltr'><strong>aeque</strong></span> <span class='ocrx_word' id='word_1_257' title='bbox 2384 2900 2682 2965; x_wconf 66' lang='lat' dir='ltr'><strong>sudorioae</strong></span> <span class='ocrx_word' id='word_1_258' title='bbox 2724 2898 2852 2960; x_wconf 82' lang='lat' dir='ltr'><strong>ela·-</strong></span> 
     </span>
     <span class='ocr_line' id='line_1_31' title="bbox 610 2988 2849 3072; baseline -0.002 -18"><span class='ocrx_word' id='word_1_259' title='bbox 610 2993 843 3055; x_wconf 74' lang='lat' dir='ltr'><strong>borasse</strong></span> <span class='ocrx_word' id='word_1_260' title='bbox 885 2991 949 3052; x_wconf 78' lang='lat' dir='ltr'><strong>in</strong></span> <span class='ocrx_word' id='word_1_261' title='bbox 978 2990 1417 3072; x_wconf 76' lang='lat' dir='ltr'><strong>praedicatione</strong></span> <span class='ocrx_word' id='word_1_262' title='bbox 1464 2990 1744 3072; x_wconf 66' lang='lat' dir='ltr'><strong>evanyelii</strong></span> <span class='ocrx_word' id='word_1_263' title='bbox 1785 2992 2106 3069; x_wconf 85' lang='lat' dir='ltr'><strong>(Bonifatii</strong></span> <span class='ocrx_word' id='word_1_264' title='bbox 2151 3011 2242 3069; x_wconf 89' lang='lat' dir='ltr'><strong>ep.</strong></span> <span class='ocrx_word' id='word_1_265' title='bbox 2291 2994 2392 3049; x_wconf 86' lang='grc'><strong>66.</strong></span> <span class='ocrx_word' id='word_1_266' title='bbox 2453 2991 2498 3051; x_wconf 86' lang='lat' dir='ltr'><strong>J</strong></span> <span class='ocrx_word' id='word_1_267' title='bbox 2501 2990 2634 3064; x_wconf 79' lang='lat' dir='ltr'><strong>affe,</strong></span> <span class='ocrx_word' id='word_1_268' title='bbox 2678 2988 2849 3059; x_wconf 73' lang='lat' dir='ltr'><strong>Bibl..</strong></span> 
     </span>
     <span class='ocr_line' id='line_1_32' title="bbox 611 3078 2850 3157; baseline -0.004 -14"><span class='ocrx_word' id='word_1_269' title='bbox 611 3104 724 3143; x_wconf 80' lang='lat' dir='ltr'><strong>rer.</strong></span> <span class='ocrx_word' id='word_1_270' title='bbox 773 3081 974 3142; x_wconf 81' lang='lat' dir='ltr'><strong>Germ.</strong></span> <span class='ocrx_word' id='word_1_271' title='bbox 1020 3080 1141 3153; x_wconf 85' lang='grc' dir='ltr'><strong>ΠΙ,</strong></span> <span class='ocrx_word' id='word_1_272' title='bbox 1188 3101 1249 3157; x_wconf 81' lang='lat' dir='ltr'><strong>p.</strong></span> <span class='ocrx_word' id='word_1_273' title='bbox 1300 3080 1449 3157; x_wconf 88' lang='lat'>185)</span> <span class='ocrx_word' id='word_1_274' title='bbox 1496 3087 1680 3157; x_wconf 85' lang='lat' dir='ltr'><strong>atque</strong></span> <span class='ocrx_word' id='word_1_275' title='bbox 1724 3082 1982 3157; x_wconf 85' lang='lat' dir='ltr'><strong>Anglos,</strong></span> <span class='ocrx_word' id='word_1_276' title='bbox 2025 3080 2149 3157; x_wconf 65' lang='lat' dir='ltr'><strong>‚qui</strong></span> <span class='ocrx_word' id='word_1_277' title='bbox 2193 3099 2262 3138; x_wconf 92' lang='lat' dir='ltr'><strong>eo</strong></span> <span class='ocrx_word' id='word_1_278' title='bbox 2308 3080 2438 3157; x_wconf 85' lang='lat' dir='ltr'><strong>ipso</strong></span> <span class='ocrx_word' id='word_1_279' title='bbox 2486 3079 2730 3142; x_wconf 80' lang='lat' dir='ltr'><strong>consilio</strong></span> <span class='ocrx_word' id='word_1_280' title='bbox 2777 3078 2850 3136; x_wconf 84' lang='lat' dir='ltr'><strong>in.</strong></span> 
     </span>
     <span class='ocr_line' id='line_1_33' title="bbox 612 3167 2856 3247; baseline -0.003 -16"><span class='ocrx_word' id='word_1_281' title='bbox 612 3171 995 3234; x_wconf 81' lang='lat' dir='ltr'><strong>Germaniam</strong></span> <span class='ocrx_word' id='word_1_282' title='bbox 1054 3168 1371 3231; x_wconf 83' lang='lat' dir='ltr'><strong>veniebant</strong></span> <span class='ocrx_word' id='word_1_283' title='bbox 1386 3214 1399 3241; x_wconf 92' lang='lat'><strong>,</strong></span> <span class='ocrx_word' id='word_1_284' title='bbox 1464 3179 1533 3232; x_wconf 90' lang='lat' dir='ltr'><strong>ut</strong></span> <span class='ocrx_word' id='word_1_285' title='bbox 1592 3170 1964 3247; x_wconf 82' lang='lat' dir='ltr'><strong>evangelium</strong></span> <span class='ocrx_word' id='word_1_286' title='bbox 2022 3168 2450 3247; x_wconf 75' lang='lat' dir='ltr'><strong>praedicarent.</strong></span> <span class='ocrx_word' id='word_1_287' title='bbox 2543 3167 2663 3227; x_wconf 83' lang='lat' dir='ltr'><strong>Sed</strong></span> <span class='ocrx_word' id='word_1_288' title='bbox 2709 3187 2856 3236; x_wconf 71' lang='lat' dir='ltr'><strong>cum</strong></span> 
     </span>
     <span class='ocr_line' id='line_1_34' title="bbox 610 3257 2858 3335; baseline 0 -18"><span class='ocrx_word' id='word_1_289' title='bbox 610 3260 755 3325; x_wconf 78' lang='lat' dir='ltr'><strong>haec</strong></span> <span class='ocrx_word' id='word_1_290' title='bbox 800 3281 933 3324; x_wconf 81' lang='lat' dir='ltr'><strong>mea</strong></span> <span class='ocrx_word' id='word_1_291' title='bbox 974 3259 1273 3322; x_wconf 79' lang='lat' dir='ltr'><strong>sententia</strong></span> <span class='ocrx_word' id='word_1_292' title='bbox 1316 3258 1556 3318; x_wconf 86' lang='lat' dir='ltr'><strong>minime</strong></span> <span class='ocrx_word' id='word_1_293' title='bbox 1602 3264 1891 3335; x_wconf 79' lang='lat' dir='ltr'><strong>congruat</strong></span> <span class='ocrx_word' id='word_1_294' title='bbox 1947 3278 2078 3317; x_wconf 87' lang='lat' dir='ltr'><strong>cum</strong></span> <span class='ocrx_word' id='word_1_295' title='bbox 2123 3257 2223 3330; x_wconf 87' lang='lat' dir='ltr'><strong>iis,</strong></span> <span class='ocrx_word' id='word_1_296' title='bbox 2286 3277 2438 3333; x_wconf 82' lang='lat' dir='ltr'><strong>quae</strong></span> <span class='ocrx_word' id='word_1_297' title='bbox 2483 3257 2602 3317; x_wconf 81' lang='lat' dir='ltr'><strong>viri</strong></span> <span class='ocrx_word' id='word_1_298' title='bbox 2652 3258 2858 3327; x_wconf 80' lang='lat' dir='ltr'><strong>multo-</strong></span> 
     </span>
     <span class='ocr_line' id='line_1_35' title="bbox 612 3344 2860 3423; baseline -0.001 -18"><span class='ocrx_word' id='word_1_299' title='bbox 612 3347 963 3409; x_wconf 85' lang='lat' dir='ltr'><strong>eruditiores</strong></span> <span class='ocrx_word' id='word_1_300' title='bbox 1010 3352 1189 3423; x_wconf 83' lang='lat' dir='ltr'><strong>atque</strong></span> <span class='ocrx_word' id='word_1_301' title='bbox 1236 3347 1395 3408; x_wconf 88' lang='lat' dir='ltr'><strong>docti</strong></span> <span class='ocrx_word' id='word_1_302' title='bbox 1442 3353 1752 3407; x_wconf 86' lang='lat' dir='ltr'><strong>senserunt</strong></span> <span class='ocrx_word' id='word_1_303' title='bbox 1781 3352 1842 3405; x_wconf 90' lang='lat' dir='ltr'><strong>et</strong></span> <span class='ocrx_word' id='word_1_304' title='bbox 1887 3366 2020 3413; x_wconf 82' lang='lat' dir='ltr'><strong>cum</strong></span> <span class='ocrx_word' id='word_1_305' title='bbox 2065 3346 2176 3405; x_wconf 89' lang='lat' dir='ltr'><strong>hoc</strong></span> <span class='ocrx_word' id='word_1_306' title='bbox 2223 3345 2354 3423; x_wconf 90' lang='lat' dir='ltr'><strong>ipso</strong></span> <span class='ocrx_word' id='word_1_307' title='bbox 2398 3346 2526 3404; x_wconf 88' lang='lat' dir='ltr'><strong>loco</strong></span> <span class='ocrx_word' id='word_1_308' title='bbox 2568 3344 2860 3423; x_wconf 51' lang='lat' dir='ltr'><strong>pluribus</strong></span> 
     </span>
     <span class='ocr_line' id='line_1_36' title="bbox 524 3433 2855 3512; baseline -0.003 -15"><span class='ocrx_word' id='word_1_309' title='bbox 524 3472 533 3488; x_wconf 45' lang='grc' dir='ltr'>κ</span> <span class='ocrx_word' id='word_1_310' title='bbox 612 3436 966 3499; x_wconf 79' lang='lat' dir='ltr'><strong>sententiam</strong></span> <span class='ocrx_word' id='word_1_311' title='bbox 1022 3456 1210 3495; x_wconf 86' lang='lat' dir='ltr'><strong>meam</strong></span> <span class='ocrx_word' id='word_1_312' title='bbox 1272 3436 1656 3512; x_wconf 88' lang='lat' dir='ltr'><strong>comprobare</strong></span> <span class='ocrx_word' id='word_1_313' title='bbox 1716 3455 1836 3495; x_wconf 88' lang='lat' dir='ltr'><strong>non</strong></span> <span class='ocrx_word' id='word_1_314' title='bbox 1889 3434 2134 3512; x_wconf 75' lang='lat' dir='ltr'><strong>possim,</strong></span> <span class='ocrx_word' id='word_1_315' title='bbox 2195 3434 2312 3494; x_wconf 85' lang='lat' dir='ltr'><strong>nisi</strong></span> <span class='ocrx_word' id='word_1_316' title='bbox 2371 3434 2580 3495; x_wconf 85' lang='lat' dir='ltr'><strong>timido</strong></span> <span class='ocrx_word' id='word_1_317' title='bbox 2642 3433 2855 3501; x_wconf 73' lang='lat' dir='ltr'><strong>animo</strong></span> 
     </span>
     <span class='ocr_line' id='line_1_37' title="bbox 609 3522 1600 3601; baseline 0.002 -17"><span class='ocrx_word' id='word_1_318' title='bbox 609 3543 801 3601; x_wconf 76' lang='lat' dir='ltr'><strong>pauca</strong></span> <span class='ocrx_word' id='word_1_319' title='bbox 844 3523 919 3583; x_wconf 84' lang='lat' dir='ltr'><strong>de</strong></span> <span class='ocrx_word' id='word_1_320' title='bbox 964 3522 1075 3581; x_wconf 87' lang='lat' dir='ltr'><strong>hac</strong></span> <span class='ocrx_word' id='word_1_321' title='bbox 1118 3544 1185 3581; x_wconf 91' lang='lat' dir='ltr'><strong>re</strong></span> <span class='ocrx_word' id='word_1_322' title='bbox 1228 3542 1347 3582; x_wconf 89' lang='lat' dir='ltr'><strong>non</strong></span> <span class='ocrx_word' id='word_1_323' title='bbox 1392 3522 1600 3587; x_wconf 67' lang='lat' dir='ltr'><strong>dicam.</strong></span> 
     </span>
    </p>

    <p class='ocr_par' dir='ltr' id='par_1_5' title="bbox 610 3609 2860 4044">
     <span class='ocr_line' id='line_1_38' title="bbox 788 3609 2855 3688; baseline 0.001 -18"><span class='ocrx_word' id='word_1_324' title='bbox 788 3611 1125 3672; x_wconf 66' lang='lat' dir='ltr'><strong>Pet-multos</strong></span> <span class='ocrx_word' id='word_1_325' title='bbox 1172 3610 1381 3671; x_wconf 88' lang='lat' dir='ltr'><strong>Scotos</strong></span> <span class='ocrx_word' id='word_1_326' title='bbox 1424 3610 1487 3669; x_wconf 91' lang='lat' dir='ltr'><strong>in</strong></span> <span class='ocrx_word' id='word_1_327' title='bbox 1520 3609 1840 3677; x_wconf 77' lang='lat' dir='ltr'><strong>Germania</strong></span> <span class='ocrx_word' id='word_1_328' title='bbox 1879 3614 2020 3671; x_wconf 81' lang='lat' dir='ltr'><strong>ante</strong></span> <span class='ocrx_word' id='word_1_329' title='bbox 2049 3609 2419 3674; x_wconf 74' lang='lat' dir='ltr'><strong>Bonifatium</strong></span> <span class='ocrx_word' id='word_1_330' title='bbox 2465 3610 2855 3688; x_wconf 77' lang='lat' dir='ltr'><strong>evangelium</strong></span> 
     </span>
     <span class='ocr_line' id='line_1_39' title="bbox 610 3697 2850 3777; baseline 0.002 -20"><span class='ocrx_word' id='word_1_331' title='bbox 610 3699 981 3777; x_wconf 80' lang='lat' dir='ltr'><strong>praedicasse</strong></span> <span class='ocrx_word' id='word_1_332' title='bbox 1042 3699 1217 3775; x_wconf 82' lang='lat' dir='ltr'><strong>vulgo</strong></span> <span class='ocrx_word' id='word_1_333' title='bbox 1276 3705 1541 3776; x_wconf 81' lang='lat' dir='ltr'><strong>putatur.</strong></span> <span class='ocrx_word' id='word_1_334' title='bbox 1645 3698 1738 3766; x_wconf 69' lang='lat' dir='ltr'><strong>At</strong></span> <span class='ocrx_word' id='word_1_335' title='bbox 1792 3697 1950 3762; x_wconf 77' lang='lat' dir='ltr'><strong>unde</strong></span> <span class='ocrx_word' id='word_1_336' title='bbox 2010 3699 2234 3767; x_wconf 82' lang='lat' dir='ltr'><strong>factum</strong></span> <span class='ocrx_word' id='word_1_337' title='bbox 2293 3706 2410 3770; x_wconf 84' lang='lat' dir='ltr'><strong>est,</strong></span> <span class='ocrx_word' id='word_1_338' title='bbox 2471 3706 2542 3760; x_wconf 85' lang='lat' dir='ltr'><strong>ut</strong></span> <span class='ocrx_word' id='word_1_339' title='bbox 2599 3699 2850 3761; x_wconf 80' lang='lat' dir='ltr'><strong>nomina.</strong></span> 
     </span>
     <span class='ocr_line' id='line_1_40' title="bbox 614 3786 2856 3864; baseline -0.001 -15"><span class='ocrx_word' id='word_1_340' title='bbox 614 3807 815 3849; x_wconf 82' lang='lat' dir='ltr'><strong>eorum</strong></span> <span class='ocrx_word' id='word_1_341' title='bbox 862 3786 1157 3848; x_wconf 83' lang='lat' dir='ltr'><strong>oblivione</strong></span> <span class='ocrx_word' id='word_1_342' title='bbox 1200 3808 1441 3864; x_wconf 87' lang='lat' dir='ltr'><strong>prorsus</strong></span> <span class='ocrx_word' id='word_1_343' title='bbox 1488 3786 1706 3847; x_wconf 76' lang='lat' dir='ltr'><strong>obruta</strong></span> <span class='ocrx_word' id='word_1_344' title='bbox 1749 3786 1870 3848; x_wconf 87' lang='lat' dir='ltr'><strong>sint</strong></span> <span class='ocrx_word' id='word_1_345' title='bbox 1884 3786 1913 3845; x_wconf 75' lang='lat' dir='ltr'>P</span> <span class='ocrx_word' id='word_1_346' title='bbox 1981 3786 2197 3853; x_wconf 74' lang='lat' dir='ltr'><strong>Nonne.-</strong></span> <span class='ocrx_word' id='word_1_347' title='bbox 2223 3788 2540 3857; x_wconf 76' lang='lat' dir='ltr'><strong>verisimile</strong></span> <span class='ocrx_word' id='word_1_348' title='bbox 2586 3794 2694 3863; x_wconf 81' lang='lat' dir='ltr'><strong>est,</strong></span> <span class='ocrx_word' id='word_1_349' title='bbox 2743 3807 2856 3851; x_wconf 83' lang='lat' dir='ltr'><strong>eos</strong></span> 
     </span>
     <span class='ocr_line' id='line_1_41' title="bbox 612 3872 2852 3953; baseline 0 -18"><span class='ocrx_word' id='word_1_350' title='bbox 612 3875 821 3937; x_wconf 83' lang='lat' dir='ltr'><strong>Scotos</strong></span> <span class='ocrx_word' id='word_1_351' title='bbox 838 3920 853 3949; x_wconf 91' lang='lat'><strong>,</strong></span> <span class='ocrx_word' id='word_1_352' title='bbox 904 3894 1063 3952; x_wconf 84' lang='lat' dir='ltr'><strong>quos</strong></span> <span class='ocrx_word' id='word_1_353' title='bbox 1124 3882 1261 3936; x_wconf 84' lang='lat' dir='ltr'><strong>ante</strong></span> <span class='ocrx_word' id='word_1_354' title='bbox 1314 3874 1685 3936; x_wconf 84' lang='lat' dir='ltr'><strong>Bonifatium</strong></span> <span class='ocrx_word' id='word_1_355' title='bbox 1743 3876 1808 3935; x_wconf 87' lang='lat' dir='ltr'><strong>in</strong></span> <span class='ocrx_word' id='word_1_356' title='bbox 1853 3872 2210 3941; x_wconf 79' lang='lat' dir='ltr'><strong>Germaniae</strong></span> <span class='ocrx_word' id='word_1_357' title='bbox 2267 3876 2542 3953; x_wconf 78' lang='lat' dir='ltr'><strong>partibus</strong></span> <span class='ocrx_word' id='word_1_358' title='bbox 2602 3876 2698 3937; x_wconf 79' lang='lat' dir='ltr'><strong>his</strong></span> <span class='ocrx_word' id='word_1_359' title='bbox 2744 3877 2852 3939; x_wconf 64' lang='lat' dir='ltr'><strong>veli</strong></span> 
     </span>
     <span class='ocr_line' id='line_1_42' title="bbox 612 3960 2860 4044; baseline 0.002 -21"><span class='ocrx_word' id='word_1_360' title='bbox 612 3965 731 4026; x_wconf 89' lang='lat' dir='ltr'><strong>illis</strong></span> <span class='ocrx_word' id='word_1_361' title='bbox 776 3970 1043 4025; x_wconf 86' lang='lat' dir='ltr'><strong>versatos</strong></span> <span class='ocrx_word' id='word_1_362' title='bbox 1090 3983 1214 4021; x_wconf 87' lang='lat' dir='ltr'><strong>esse</strong></span> <span class='ocrx_word' id='word_1_363' title='bbox 1258 3964 1441 4025; x_wconf 84' lang='lat' dir='ltr'><strong>variis</strong></span> <span class='ocrx_word' id='word_1_364' title='bbox 1486 3962 1565 4030; x_wconf 69' lang='lat' dir='ltr'><strong>de,</strong></span> <span class='ocrx_word' id='word_1_365' title='bbox 1606 3964 1799 4031; x_wconf 75' lang='lat' dir='ltr'><strong>causis</strong></span> <span class='ocrx_word' id='word_1_366' title='bbox 1843 3960 2179 4041; x_wconf 44' lang='lat' dir='ltr'><strong>suspicari?</strong></span> <span class='ocrx_word' id='word_1_367' title='bbox 2211 3963 2376 4039; x_wconf 75' lang='lat' dir='ltr'><strong>licet,</strong></span> <span class='ocrx_word' id='word_1_368' title='bbox 2438 3964 2634 4043; x_wconf 70' lang='lat' dir='ltr'><strong>magis=</strong></span> <span class='ocrx_word' id='word_1_369' title='bbox 2671 3985 2860 4044; x_wconf 49' lang='lat' dir='ltr'><strong>pere*</strong></span> 
     </span>
    </p>
   </div>
   <div class='ocr_carea' id='block_1_3' title="bbox 610 4080 1033 4089">
    <p class='ocr_par' dir='ltr' id='par_1_6' title="bbox 610 4080 1033 4089">
     <span class='ocr_line' id='line_1_43' title="bbox 610 4080 1033 4089; baseline 0 995"><span class='ocrx_word' id='word_1_370' title='bbox 610 4080 1033 4089; x_wconf 95' lang='lat' dir='ltr'><strong> </strong></span> 
     </span>
    </p>
   </div>
   <div class='ocr_carea' id='block_1_4' title="bbox 608 4112 2860 4397">
    <p class='ocr_par' dir='ltr' id='par_1_7' title="bbox 608 4112 2860 4397">
     <span class='ocr_line' id='line_1_44' title="bbox 758 4112 2860 4189; baseline 0.001 -19"><span class='ocrx_word' id='word_1_371' title='bbox 758 4119 777 4149; x_wconf 88' lang='lat'>¹</span> <span class='ocrx_word' id='word_1_372' title='bbox 816 4118 929 4171; x_wconf 87' lang='lat' dir='ltr'><strong>Pro</strong></span> <span class='ocrx_word' id='word_1_373' title='bbox 970 4122 1124 4171; x_wconf 85' lang='lat' dir='ltr'><strong>certo</strong></span> <span class='ocrx_word' id='word_1_374' title='bbox 1164 4116 1260 4169; x_wconf 86' lang='lat' dir='ltr'><strong>vix</strong></span> <span class='ocrx_word' id='word_1_375' title='bbox 1312 4112 1609 4185; x_wconf 82' lang='lat' dir='ltr'><strong>quicquam</strong></span> <span class='ocrx_word' id='word_1_376' title='bbox 1649 4122 1883 4182; x_wconf 84' lang='lat' dir='ltr'><strong>constat,</strong></span> <span class='ocrx_word' id='word_1_377' title='bbox 1921 4135 2051 4170; x_wconf 90' lang='lat' dir='ltr'><strong>nam</strong></span> <span class='ocrx_word' id='word_1_378' title='bbox 2089 4117 2318 4183; x_wconf 86' lang='lat' dir='ltr'><strong>dubito,</strong></span> <span class='ocrx_word' id='word_1_379' title='bbox 2371 4116 2560 4178; x_wconf 76' lang='lat' dir='ltr'><strong>annon</strong></span> <span class='ocrx_word' id='word_1_380' title='bbox 2583 4120 2588 4125; x_wconf 82' lang='grc'><em>’</em></span> <span class='ocrx_word' id='word_1_381' title='bbox 2610 4120 2860 4189; x_wconf 60' lang='lat' dir='ltr'><strong>praeter*</strong></span> 
     </span>
     <span class='ocr_line' id='line_1_45' title="bbox 612 4186 2851 4259; baseline 0 -14"><span class='ocrx_word' id='word_1_382' title='bbox 612 4190 695 4245; x_wconf 77' lang='lat' dir='ltr'><strong>St.</strong></span> <span class='ocrx_word' id='word_1_383' title='bbox 735 4188 961 4243; x_wconf 86' lang='lat' dir='ltr'><strong>Gallum</strong></span> <span class='ocrx_word' id='word_1_384' title='bbox 1000 4192 1057 4241; x_wconf 91' lang='lat' dir='ltr'><strong>et</strong></span> <span class='ocrx_word' id='word_1_385' title='bbox 1081 4186 1376 4241; x_wconf 78' lang='lat' dir='ltr'><strong>Kilianum&#39;</strong></span> <span class='ocrx_word' id='word_1_386' title='bbox 1414 4192 1471 4241; x_wconf 88' lang='lat' dir='ltr'><strong>et</strong></span> <span class='ocrx_word' id='word_1_387' title='bbox 1508 4190 1554 4241; x_wconf 81' lang='lat' dir='ltr'><strong>si</strong></span> <span class='ocrx_word' id='word_1_388' title='bbox 1591 4188 1782 4257; x_wconf 88' lang='lat' dir='ltr'><strong>placet</strong></span> <span class='ocrx_word' id='word_1_389' title='bbox 1811 4187 2147 4241; x_wconf 87' lang='lat' dir='ltr'><strong>Ratherium</strong></span> <span class='ocrx_word' id='word_1_390' title='bbox 2179 4188 2494 4259; x_wconf 84' lang='lat' dir='ltr'><strong>(Rettberg</strong></span> <span class='ocrx_word' id='word_1_391' title='bbox 2515 4188 2596 4255; x_wconf 86' lang='lat' dir='ltr'><strong>II,</strong></span> <span class='ocrx_word' id='word_1_392' title='bbox 2623 4208 2680 4259; x_wconf 89' lang='lat' dir='ltr'><strong>p.</strong></span> <span class='ocrx_word' id='word_1_393' title='bbox 2707 4191 2851 4259; x_wconf 78' lang='lat'>269).</span> 
     </span>
     <span class='ocr_line' id='line_1_46' title="bbox 610 4258 2858 4331; baseline 0.001 -18"><span class='ocrx_word' id='word_1_394' title='bbox 610 4261 757 4314; x_wconf 87' lang='lat' dir='ltr'><strong>ullus</strong></span> <span class='ocrx_word' id='word_1_395' title='bbox 798 4258 1000 4313; x_wconf 85' lang='lat' dir='ltr'><strong>Scotus</strong></span> <span class='ocrx_word' id='word_1_396' title='bbox 1040 4259 1132 4311; x_wconf 89' lang='lat' dir='ltr'><strong>vel</strong></span> <span class='ocrx_word' id='word_1_397' title='bbox 1170 4258 1289 4313; x_wconf 87' lang='lat' dir='ltr'><strong>sine</strong></span> <span class='ocrx_word' id='word_1_398' title='bbox 1324 4258 1549 4312; x_wconf 86' lang='lat' dir='ltr'><strong>nomine</strong></span> <span class='ocrx_word' id='word_1_399' title='bbox 1584 4259 1864 4315; x_wconf 80' lang='lat' dir='ltr'><strong>nominari</strong></span> <span class='ocrx_word' id='word_1_400' title='bbox 1901 4258 2098 4326; x_wconf 84' lang='lat' dir='ltr'><strong>possit.</strong></span> <span class='ocrx_word' id='word_1_401' title='bbox 2139 4290 2208 4300; x_wconf 89' lang='lat'><strong>--</strong></span> <span class='ocrx_word' id='word_1_402' title='bbox 2245 4258 2336 4313; x_wconf 82' lang='lat' dir='ltr'><strong>De</strong></span> <span class='ocrx_word' id='word_1_403' title='bbox 2371 4258 2622 4331; x_wconf 79' lang='lat' dir='ltr'><strong>Virgilio</strong></span> <span class='ocrx_word' id='word_1_404' title='bbox 2659 4260 2705 4315; x_wconf 86' lang='lat' dir='ltr'><strong>J</strong></span> <span class='ocrx_word' id='word_1_405' title='bbox 2707 4276 2858 4316; x_wconf 80' lang='lat' dir='ltr'><strong>uva-</strong></span> 
     </span>
     <span class='ocr_line' id='line_1_47' title="bbox 608 4328 1994 4397; baseline -0.001 -13"><span class='ocrx_word' id='word_1_406' title='bbox 608 4330 769 4384; x_wconf 85' lang='lat' dir='ltr'><strong>vensi</strong></span> <span class='ocrx_word' id='word_1_407' title='bbox 808 4330 877 4397; x_wconf 85' lang='lat'><strong>(†</strong></span> <span class='ocrx_word' id='word_1_408' title='bbox 915 4329 1046 4397; x_wconf 81' lang='lat'>784)</span> <span class='ocrx_word' id='word_1_409' title='bbox 1086 4329 1277 4384; x_wconf 86' lang='lat' dir='ltr'><strong>dicere</strong></span> <span class='ocrx_word' id='word_1_410' title='bbox 1314 4328 1387 4383; x_wconf 88' lang='lat' dir='ltr'><strong>ad</strong></span> <span class='ocrx_word' id='word_1_411' title='bbox 1424 4346 1543 4383; x_wconf 89' lang='lat' dir='ltr'><strong>rem</strong></span> <span class='ocrx_word' id='word_1_412' title='bbox 1578 4346 1691 4383; x_wconf 86' lang='lat' dir='ltr'><strong>non</strong></span> <span class='ocrx_word' id='word_1_413' title='bbox 1725 4329 1994 4397; x_wconf 82' lang='lat' dir='ltr'><strong>pertinet.</strong></span> 
     </span>
    </p>
   </div>
   <div class='ocr_carea' id='block_1_5' title="bbox 3244 892 3250 1529">
    <p class='ocr_par' dir='ltr' id='par_1_8' title="bbox 3244 892 3250 1529">
     <span class='ocr_line' id='line_1_48' title="bbox 3244 892 3250 1529; baseline 0 0"><span class='ocrx_word' id='word_1_414' title='bbox 3244 892 3250 1529; x_wconf 95' lang='lat' dir='ltr'><strong> </strong></span> 
     </span>
    </p>
   </div>
   <div class='ocr_carea' id='block_1_6' title="bbox 3244 3414 3248 3951">
    <p class='ocr_par' dir='ltr' id='par_1_9' title="bbox 3244 3414 3248 3951">
     <span class='ocr_line' id='line_1_49' title="bbox 3244 3414 3248 3951; baseline 0 0"><span class='ocrx_word' id='word_1_415' title='bbox 3244 3414 3248 3951; x_wconf 95' lang='lat' dir='ltr'><strong> </strong></span> 
     </span>
    </p>
   </div>
   <div class='ocr_carea' id='block_1_7' title="bbox 3244 4148 3250 5052">
    <p class='ocr_par' dir='ltr' id='par_1_10' title="bbox 3244 4148 3250 5052">
     <span class='ocr_line' id='line_1_50' title="bbox 3244 4148 3250 5052; baseline 0 0"><span class='ocrx_word' id='word_1_416' title='bbox 3244 4148 3250 5052; x_wconf 95' lang='lat' dir='ltr'><strong> </strong></span> 
     </span>
    </p>
   </div>
  </div>
 </body>
</html>
