3259 5084
1484 237 1917 294 -60—

582 417 791 477 dubito
853 436 1049 475 annon
1104 418 1229 491 jam
1290 415 1467 474 hodie
1528 413 1801 491 cuiquam
1860 414 2037 473 liceat
2097 412 2434 473 nominibus
2480 414 2598 473 illis
2645 436 2819 492 argu-

582 506 865 579 mentari,
928 512 1086 565 certe
1134 504 1255 563 scio
1300 526 1393 563 me
1438 505 1633 583 ipsum
1695 510 1758 563 et
1811 524 2035 577 omnes,
2098 504 2200 580 qui
2248 503 2543 577 nesciant,
2607 504 2825 582 quibus

588 596 928 655 auctoribus
976 594 1243 671 singulae
1291 594 1702 673 episcoporum
1732 594 1828 652 vel
1861 594 2142 652 abbatum
2176 592 2504 652 mentiones
2535 593 2822 668 nitantur,

584 684 921 761 hujusmodi
970 683 1338 761 argumentis
1394 704 1517 743 rem
1562 681 1764 761 potius
1809 684 2262 760 perturbaturos
2305 702 2453 755 esse,
2503 703 2682 760 quam
2727 704 2824 741 ex-

583 776 945 854 planaturos.
1010 773 1409 846 Quamobrem
1454 772 1516 829 in
1563 771 1654 845 iis,
1701 792 1852 847 quae
1883 773 2198 849 proferam,
2245 772 2320 831 ad
2367 772 2610 832 annales
2641 773 2820 832 raris-

582 864 729 923 sime
770 863 1126 941 provocab0.

762 952 882 1011 Sed
926 952 1234 1011 redeamus
1280 951 1355 1009 ad
1394 951 1438 1010 J
1441 950 1690 1010 ohannis
1735 970 1928 1027 papae
1975 952 2304 1028 epistulam.
2369 951 2822 1011 Concedendum

585 1048 675 1101 est
720 1061 947 1113 omnes,
998 1040 1211 1118 quibus
1257 1039 1543 1118 inscripta
1590 1044 1703 1111 est,
1765 1038 1944 1097 fuisse
1989 1041 2264 1114 abbates,
2323 1041 2427 1101 sed
2472 1061 2591 1099 non
2637 1041 2821 1118 negli-

584 1131 845 1209 gendum
890 1130 1203 1188 nonnullos
1237 1130 1391 1188 solos
1423 1128 1719 1187 nominari
1751 1127 2069 1206 episcopos.
2127 1129 2215 1188 ‘Et
2247 1150 2378 1189 cum
2412 1129 2821 1209 episcoporum

586 1228 647 1279 et
692 1221 1177 1297 presbyterorum
1224 1224 1284 1277 et
1330 1218 1686 1295 dignitatem
1733 1222 1793 1275 et
1837 1237 2084 1277 munera
2129 1219 2364 1279 diversa
2420 1220 2597 1279 fuisse
2643 1240 2825 1299 supra

585 1313 669 1387 (p.
723 1308 832 1385 58)
880 1308 1326 1385 cognoverimus
1373 1306 1488 1366 alia
1546 1305 1728 1365 fuisse
1783 1326 2016 1366 necesse
2077 1314 2168 1367 est
2226 1329 2471 1367 munera
2531 1309 2823 1381 Tomiani,

587 1397 943 1457 Columbani
1005 1397 1370 1473 reliquorum
1431 1397 1838 1475 episcoporum
1901 1403 1962 1455 et
2007 1397 2317 1471 abbatum,
2379 1398 2496 1457 alia
2543 1397 2825 1457 Oromani
2888 1398 2900 1409 ’

587 1494 648 1545 et
692 1486 1055 1562 reliquorum
1103 1487 1387 1544 abbatum
1419 1487 1922 1563 presbyterorum.
1986 1486 2080 1545 De
2111 1507 2230 1564 qua
2275 1506 2338 1545 re
2387 1487 2531 1563 quid
2576 1488 2826 1546 senserit

586 1576 713 1649 ille,
774 1575 877 1651 qui
936 1574 1251 1653 epistulam
1312 1574 1577 1652 scripsit,
1638 1575 1686 1634 J
1687 1574 1946 1633 ohannes
2005 1596 2188 1653 papa,
2249 1576 2422 1635 facile
2484 1580 2824 1652 conjectura

588 1669 789 1743 potest
818 1663 1031 1741 colligi.
1101 1664 1282 1723 Haud
1314 1663 1492 1723 dubie
1524 1664 1679 1723 enim
1713 1663 1826 1723 sibi
1865 1665 2180 1742 persuasit,
2212 1664 2584 1739 Hiberniam,
2619 1686 2821 1742 quam-

586 1754 677 1813 vis
724 1753 980 1812 maxima
1011 1759 1164 1813 esset
1195 1753 1690 1812 monasteriorum
1723 1753 2064 1827 auctoritas,
2111 1760 2309 1814 tamen
2350 1754 2438 1813 ita
2469 1755 2822 1833 descriptam

588 1863 713 1903 esse
760 1842 822 1901 in
856 1842 1215 1921 episcopales
1245 1842 1531 1919 regiones,
1578 1848 1653 1901 ut
1679 1842 1954 1919 episcopi,
2004 1843 2106 1921 qui
2138 1843 2316 1901 iidem
2358 1845 2607 1903 abbates
2638 1849 2822 1916 erant,

588 1932 953 2009 singularum
1000 1931 1353 1990 dioecesium
1414 1951 1612 1990 curam
1674 1938 1966 2009 gererent.
2058 1933 2234 1991 Hanc
2289 1933 2651 2010 opinionem,
2713 1933 2823 1992 etsi

590 2020 856 2079 Toddius
904 2022 999 2096 (cf.
1042 2020 1315 2097 Loening
1364 2020 1449 2093 II,
1481 2042 1537 2098 p.
1572 2021 1700 2078 413
1744 2026 1805 2079 et
1845 2020 2018 2097 445),
2067 2040 2242 2098 quem
2289 2020 2543 2081 Skenius
2590 2029 2825 2081 secutus

592 2116 683 2169 est
728 2108 839 2185 (II,
871 2131 929 2187 p.
965 2110 1073 2185 94)
1121 2110 1297 2169 aliter
1342 2109 1581 2168 videtur
1626 2109 1890 2182 sensisse,
1939 2130 1974 2169 a
2016 2130 2156 2169 vero
2203 2112 2452 2170 multum
2499 2112 2824 2184 aberrasse,

589 2219 709 2258 non
752 2198 970 2269 habam
1034 2198 1194 2275 quod
1252 2204 1471 2275 putem.
1563 2198 1878 2257 Accedunt
1939 2199 2094 2257 enim
2154 2199 2232 2259 ad
2293 2200 2478 2277 ipsius
2536 2198 2824 2276 epistulae

590 2287 1004 2347 auctoritatem
1052 2287 1171 2347 alia
1216 2292 1592 2365 argumenta,
1657 2307 1808 2364 quae
1854 2308 1979 2346 rem
2033 2288 2122 2347 ita
2175 2309 2302 2349 sese
2345 2288 2620 2347 habuisse
2667 2308 2818 2346 com·

586 2378 857 2456 probent.

764 2465 1032 2525 Primum
1080 2466 1238 2545 quod
1283 2465 1536 2525 Patricii
1581 2466 1950 2544 temporibus
1997 2466 2318 2545 episcopos,
2367 2472 2435 2525 ut
2480 2466 2566 2525 ita
2613 2464 2820 2539 dicam,

588 2556 955 2635 parochiales
1001 2556 1062 2613 in
1108 2556 1405 2615 Hibernia
1449 2555 1632 2615 fuisse
1693 2562 1968 2634 putemus
2027 2576 2262 2615 necesse
2318 2561 2432 2629 est,
2500 2556 2655 2632 quod
2714 2574 2824 2613 nec

589 2644 844 2704 Skenius
904 2651 1088 2722 negat
1147 2666 1255 2703 nec
1303 2644 1568 2704 Toddius
1628 2666 1874 2722 negasse
1929 2646 2182 2704 videtur.
2272 2646 2426 2706 Nam
2489 2644 2538 2703 si
2599 2643 2823 2720 aliquid

589 2735 662 2792 de
707 2733 971 2792 Patricio
1021 2740 1277 2806 constat,
1341 2733 1453 2792 hoc
1497 2741 1724 2794 certum
1771 2741 1878 2793 est.
1969 2736 2104 2796 Non
2165 2735 2502 2810 provocabo
2549 2733 2624 2791 ad
2668 2733 2826 2792 vitas

591 2843 779 2899 neque
840 2822 914 2879 ad
975 2822 1124 2879 illud
1166 2821 1419 2881 Patricii
1476 2821 1811 2895 „Patricius
1871 2820 2227 2883 Hibernione
2285 2820 2619 2882 constitutas
2679 2820 2824 2902 epis-

590 2916 805 2991 copus“
854 2914 973 2989 (ep.
1026 2912 1055 2967 1
1110 2912 1188 2969 Η.
1238 2912 1355 2971 and
1402 2912 1489 2972 St.
1536 2913 1630 2987 ΙΙ,
1683 2914 1719 2970 2
1777 2935 1835 2992 p.
1886 2913 2041 2989 314)
2102 2930 2293 2987 neque
2355 2911 2431 2969 ad
2492 2911 2826 2988 catalogum

594 3000 962 3073 Sanctorum,
1011 2999 1072 3058 in
1121 3021 1238 3077 quo
1284 3001 1429 3060 haec
1475 3002 1878 3082 reperiuntur:
1917 3000 2154 3085 primus
2199 2998 2347 3059 ordo
2397 2996 2828 3060 Catholicomm
2921 3062 2927 3069 ,

590 3087 943 3149 Sanctorum
1006 3097 1130 3148 erat
1188 3088 1251 3148 in
1310 3098 1565 3173 tempore
1620 3089 1883 3151 Patricii.
1990 3086 2070 3149 Et
2129 3098 2262 3149 tunc
2321 3097 2487 3147 erant
2542 3085 2830 3171 Episcopi

590 3197 787 3239 omnes
816 3222 1022 3237 .....
1069 3175 1163 3237 Hi
1207 3198 1401 3239 omnes
1446 3179 1703 3261 episcopi
1744 3179 1817 3239 de
1865 3176 2154 3240 Romanis
2199 3186 2250 3237 et
2299 3172 2551 3237 Francis
2596 3185 2647 3236 et
2679 3174 2824 3236 Bri-

592 3266 817 3328 tonibus
864 3276 917 3328 et
962 3264 1151 3327 ›Sc-otis
1197 3268 1385 3328 emorti
1428 3278 1558 3328 sunt
1604 3271 1708 3345 (H.
1755 3270 1890 3328 and.
1938 3268 2025 3329 St.
2074 3268 2160 3342 II,
2205 3270 2242 3325 2
2290 3289 2348 3346 p.
2384 3268 2554 3344 292),
2603 3266 2706 3326 sed
2751 3266 2828 3324 ad

588 3356 815 3436 patrios
862 3355 1049 3433 ipsius
1102 3357 1349 3415 Patricii
1411 3377 1599 3418 mores
1648 3361 1852 3437 (supra
1897 3380 1955 3436 p.
2006 3360 2116 3435 29)
2163 3365 2224 3416 et
2283 3377 2479 3416 coram
2535 3356 2824 3428 omnibus,

591 3446 806 3524 quibus
865 3444 1195 3504 Patricium
1255 3467 1383 3504 cum
1444 3446 1732 3506 Romanis
1793 3448 2282 3507 necessitudinem
2359 3446 2636 3505 habuisse
2696 3465 2827 3524 per-

589 3534 890 3606 suaserim,
916 3535 992 3592 ad
1014 3533 1319 3594 Romanae
1345 3536 1621 3595 ecclesiae
1647 3536 2143 3595 consuetudinem.
2199 3534 2425 3610 Quodsi
2447 3534 2510 3592 in
2535 3533 2830 3593 Hibernia

593 3624 731 3682 olim
779 3624 1020 3682 fuerunt
1065 3623 1231 3682 sedes
1278 3625 1667 3703 episcopales,
1728 3625 1884 3681 haud
1945 3624 2119 3683 facile
2177 3625 2488 3701 quisquam
2535 3623 2651 3682 sibi
2695 3644 2825 3700 per-

592 3713 838 3771 suadeat
884 3732 1112 3772 omnem
1160 3713 1379 3792 prioris
1424 3718 1615 3772 status
1664 3713 2003 3772 memoriam
2051 3713 2356 3773 evanuisse
2402 3712 2563 3771 inter
2602 3710 2827 3772 Scotos.

776 3801 1110 3861 Secundum
1143 3804 1302 3880 quod
1335 3801 1575 3861 summis
1608 3802 1669 3860 in
1701 3802 2022 3861 honoribus
2055 3802 2211 3879 apud
2244 3800 2452 3860 Scotos
2497 3801 2832 3859 habebatur

595 3891 1015 3968 Hieronymus.
1109 3890 1295 3968 Cujus
1342 3891 1555 3949 aetatis
1604 3891 1704 3967 qui
1750 3891 1956 3951 fuisset
2012 3896 2204 3950 status
2260 3890 2688 3949 ecclesiasticus
2733 3890 2828 3948 vel

589 3980 1018 4053 hierarchicus,
1084 3980 1249 4040 Secti
1309 4000 1426 4037 non
1482 3979 1869 4056 ignorabant,
1932 3982 2108 4038 immo
2155 3979 2446 4039 Columba
2491 3978 2826 4038 Luxovien·

590 4070 686 4145 sis,
733 4069 1001 4129 Hiiensis
1047 4070 1371 4129 Columbae
1419 4070 1700 4145 aequalis,
1747 4069 1933 4149 ipsius
1980 4068 2332 4145 Hieronymi
2376 4067 2574 4128 verbis
2619 4068 2828 4138 utitur,

550 4165 659 4239 ,ut
721 4178 873 4236 quae
937 4158 1058 4218 sint
1120 4158 1562 4236 episcoporum,
1636 4179 1786 4237 quae
1860 4158 2275 4216 monachorum
2338 4156 2532 4216 officia
2591 4157 2825 4215 doceat:

592 4245 677 4307 St.
740 4244 1169 4330 Hieronymus,
1233 4246 1428 4324 inquit
1474 4247 1596 4326 (ep.
1649 4250 1704 4321 2,
1764 4246 1909 4306 bibl.
1953 4267 2104 4305 max.
2150 4253 2306 4325 patr.
2362 4248 2458 4319 12,
2505 4268 2562 4323 p.
2613 4243 2694 4305 26
2725 4245 2829 4321 D.)

577 4332 759 4417 jussit
790 4335 1087 4417 episcopos
1113 4333 1340 4396 imitari
1370 4333 1678 4419 apos-tolca
1723 4332 2034 4396 monachos
2064 4355 2198 4395 vero
2228 4333 2422 4395 docuit
2451 4334 2610 4415 sequi
2632 4342 2834 4416 patres
