3259 5084
1485 234 1924 293 -68—

592 418 815 476 dictum
859 450 946 461 -
993 414 1169 472 unius
1216 413 1542 472 Columbae
1588 410 2008 483 Luxoviensis‚
2071 413 2240 486 cujus
2301 410 2526 487 scripta
2571 410 2834 469 omnium

588 506 899 566 Scotorum
944 503 1208 581 exceptis
1252 502 1506 563 Patricii
1552 500 1967 577 antiquissima
2013 506 2153 559 sunt
2163 544 2178 572 ,
2235 499 2308 557 de
2355 498 2482 558 vita
2529 500 2832 559 eremitica

586 596 772 667 dicta,
838 612 988 670 quae
1035 592 1191 649 infra
1238 591 1877 661 commemorabuntur,
1938 588 2152 647 idonea
2213 593 2376 660 sunt,
2426 608 2579 664 quae
2626 587 2833 647 Skenii

589 682 927 762 opinionem
974 680 1225 739 diluant.
1302 678 1597 755 Equidem
1645 677 1808 737 aliud
1845 678 2024 736 fuisse
2057 682 2286 735 sextum
2319 676 2482 735 aliud
2513 677 2832 754 septimum

587 770 865 831 ecclesiae
906 768 1220 828 Scotorum
1266 768 1562 825 saeculum
1608 767 1926 824 concedere
1973 786 2091 824 non
2136 786 2393 843 possum,
2441 771 2602 824 certe
2649 766 2832 823 eccle·

590 860 862 919 siasticae
896 857 1207 917 Scotorum
1254 856 1538 915 historiae
1582 856 1778 914 fontes
1825 855 1975 913 tales
2021 874 2139 913 non
2185 860 2340 927 sunt,
2386 860 2455 927 ut
2501 874 2608 912 nos
2638 854 2834 913 adhuc

590 948 765 1007 hodie
826 947 944 1005 duo
1004 946 1109 1004 illa
1168 945 1405 1003 saecula
1460 944 1794 1003 discernere
1847 944 2156 1020 possimus.
2246 943 2412 1018 Ergo
2457 942 2530 1000 de
2577 949 2836 1019 utroque

587 1036 820 1096 saeculo
880 1035 1089 1093 iisdem
1148 1034 1362 1093 verbis‘
1408 1032 1722 1091 dicendum
1783 1038 1875 1090 est
1932 1052 2124 1107 neque
2171 1050 2319 1109 opus
2379 1037 2470 1090 est
2529 1052 2836 1107 quaerere,

587 1132 789 1184 utrum
818 1122 1211 1183 Adamnanus
1258 1122 1640 1181 eremitarum
1685 1120 2048 1180 mentionem
2092 1120 2314 1179 faciens
2353 1140 2561 1179 revera
2599 1120 2836 1179 locutus

586 1214 666 1273 sit
711 1214 785 1271 de
840 1218 1037 1271 aetate
1083 1210 1407 1269 Columbae
1451 1230 1529 1269 an
1575 1209 1650 1267 de
1696 1229 1803 1267 sua
1847 1208 2054 1286 ipsius.
2145 1207 2306 1267 Satis
2351 1208 2636 1267 habemus
2681 1209 2836 1266 scire

585 1302 768 1360 fuisse
826 1300 985 1377 apud
1040 1298 1251 1358 Scotos
1309 1298 1471 1357 intra
1516 1297 1611 1357 VI
1669 1305 1730 1355 et
1775 1297 1940 1356 VIII
2002 1298 2300 1357 saeculum
2360 1296 2662 1369 eremitas,
2727 1296 2831 1373 qui

585 1389 801 1448 remoti
858 1390 934 1448 ab
989 1388 1291 1446 hominum
1346 1386 1660 1445 domiciliis
1715 1387 1892 1463 plane
1947 1386 2273 1445 solitariam
2328 1386 2514 1445 vitam
2571 1385 2830 1460 agebant

588 1477 871 1555 (Adamn.
927 1477 1033 1537 vit.
1081 1476 1208 1535 Col.
1263 1477 1315 1549 1,
1366 1476 1468 1548 39,
1528 1497 1585 1553 p.
1636 1474 1799 1546 2113
1859 1475 1917 1547 3,
1970 1476 2112 1546 102,
2169 1495 2226 1552 p.
2277 1474 2448 1549 235).
2542 1472 2662 1532 Sed
2719 1473 2832 1531 hoc

588 1566 829 1625 minime
874 1564 1180 1644 proprium
1228 1570 1359 1623 erat
1390 1564 1719 1636 Scotorum,
1765 1582 1955 1639 neque
2003 1562 2554 1622 commemoratione
2585 1562 2830 1639 dignum

586 1661 764 1729 esset,
810 1654 926 1714 nisi
971 1655 1047 1713 ab
1095 1654 1188 1711 his
1234 1653 1497 1711 eremitis
1543 1654 1641 1711 vel
1687 1672 1761 1711 ex
1807 1652 2038 1724 eodem,
2089 1672 2205 1729 quo
2251 1652 2531 1710 eremitae
2579 1670 2828 1709 commo-

586 1744 906 1816 vebantur,
965 1742 1384 1800 monachorum
1444 1742 1677 1800 fervore
1737 1741 2069 1819 profectum
2131 1747 2286 1801 esset
2337 1740 2584 1799 tertium
2629 1758 2827 1797 mona-

586 1834 828 1891 chorum
874 1850 1060 1909 genus
1108 1866 1195 1877 --
1238 1830 1763 1909 peregrinantium.

764 1921 901 1979 Hoc
931 1920 1242 1979 Scotorum
1288 1919 1595 1996 proprium
1626 1924 1772 1990 erat,
1819 1923 2029 1995 utpote
2061 1923 2257 1976 ortum
2288 1938 2361 1975 ex
2389 1917 2522 1994 ipso
2553 1916 2830 1975 ecclesiae

586 2010 950 2068 Hiber-nicae
997 2014 1177 2067 statu.
1252 2008 1408 2068 Nam
1447 2027 1579 2065 cum
1610 2008 1675 2066 in
1707 2006 1841 2065 aliis
1873 2006 2151 2065 ecclesiae
2183 2006 2472 2084 partibus,
2519 2006 2581 2063 in
2615 2004 2834 2081 quibus

586 2098 960 2157 monasteriis
1005 2097 1169 2156 nulla
1216 2117 1347 2155 cum
1394 2096 1738 2172 regionibus
1784 2096 1905 2154 suis
1951 2094 2323 2155 necessitudo
2364 2099 2512 2166 erat,
2559 2092 2832 2152 monachi

584 2190 902 2263 postquam
964 2186 1213 2261 collegio
1273 2184 1695 2253 monachorum
1757 2189 2154 2256 accesserunt,
2219 2182 2502 2241 mundum
2557 2182 2836 2259 effugisse

586 2275 704 2333 sibi
748 2273 1108 2345 viderentur,
1156 2274 1315 2351 apud
1362 2272 1572 2333 Scotos
1618 2292 1821 2331 omnes
1867 2272 1928 2345 ii,
1975 2273 2078 2348 qui
2123 2270 2495 2331 intaminatos
2539 2289 2580 2328 a
2609 2269 2838 2329 mundo

586 2382 645 2423 se
690 2360 976 2421 custodire
1022 2362 1359 2439 cupiebant,
1406 2362 1470 2419 in
1514 2362 1589 2420 iis
1635 2361 2028 2434 monasteriis,
2077 2381 2230 2437 quae
2276 2359 2468 2417 medio
2516 2359 2581 2417 in
2613 2360 2839 2438 populo

587 2451 827 2510 condita
873 2457 1059 2523 erant,
1107 2450 1233 2510 voti
1265 2451 1357 2509 sui
1388 2455 1688 2528 compotes
1717 2450 1848 2509 fieri
1879 2470 1999 2507 non
2029 2456 2324 2526 poterant.
2400 2448 2578 2507 Unde
2608 2450 2834 2507 factum

587 2546 693 2614 est,
740 2547 809 2597 ut
853 2541 1148 2617 permulta
1195 2540 1553 2599 monasterIa
1598 2539 2104 2598 constituerentur
2147 2539 2211 2596 in
2256 2537 2464 2596 insulis
2503 2540 2683 2611 juxta
2722 2536 2835 2595 Hi·

586 2628 830 2687 herniae
873 2648 1037 2687 oram
1084 2628 1215 2687 sitis
1262 2627 1483 2703 (Skene
1530 2628 1617 2701 II,
1665 2650 1722 2706 p.
1774 2630 1854 2685 62
1905 2630 2036 2703 sq.).
2111 2626 2242 2685 Alii
2288 2625 2525 2684 omnino
2573 2626 2833 2703 patriam

586 2718 923 2775 deserentes
968 2717 1174 2795 paucis
1220 2737 1352 2775 cum
1400 2717 1574 2775 sociis
1619 2717 1682 2775 in
1723 2717 1928 2775 insulis
1967 2718 2194 2791 majore
2224 2715 2540 2774 intervallo
2571 2735 2606 2771 a
2635 2714 2832 2791 patria

586 2806 831 2863 remotis
899 2806 995 2863 vel
1062 2805 1126 2863 in
1194 2806 1323 2883 ipso
1393 2805 1586 2863 medio
1648 2804 1884 2864 Oceano
1955 2804 2128 2863 cellas
2197 2804 2312 2863 sibi
2373 2807 2830 2861 construxerunt

586 2894 870 2969 (Adamn.
916 2892 1023 2952 vit.
1072 2892 1197 2951 Col.
1236 2894 1289 2965 1,
1340 2892 1396 2964 5,
1442 2916 1499 2970 p.
1536 2895 1691 2966 2003
1747 2895 1843 2966 10,
1889 2914 1945 2971 p.
1982 2894 2128 2965 202,
2177 2894 2248 2950 cf.
2295 2890 2382 2963 II,
2432 2892 2530 2961 76,
2577 2910 2632 2965 p.
2667 2888 2830 2957 2243

593 2985 646 3055 1,
700 2982 797 3053 19,
842 3002 901 3058 p.
935 2980 1064 3039 204
1114 2986 1189 3039 et.
1237 2981 1426 3057 alibi),
1472 2981 1573 3040 alii
1621 2984 1716 3041 vel
1763 2983 1875 3041 soli
1923 2980 2206 3058 (Adamn.
2246 2983 2300 3053 1,
2335 2982 2390 3053 3,
2436 2999 2493 3055 p.
2531 2977 2680 3050 197)
2727 2975 2823 3033 vel

584 3091 719 3129 cum
780 3070 953 3128 sociis
1006 3076 1077 3128 ut
1122 3075 1373 3145 uterque
1421 3069 1709 3130 Columba
1757 3071 2200 3147 emigraverunt
2241 3070 2306 3127 in
2351 3067 2569 3127 alienas
2613 3071 2830 3147 terras.

588 3160 792 3232 Tales,
857 3158 959 3235 qui
1004 3159 1215 3218 relicta
1260 3159 1457 3236 patria
1488 3157 2050 3239 perefflinabantur‚
2106 3177 2255 3235 opus
2302 3164 2364 3217 et
2409 3154 2645 3215 Christo
2693 3172 2827 3229 gra·

587 3248 881 3307 tissimum
914 3254 976 3305 et
1007 3247 1153 3325 ipsis
1186 3248 1553 3306 salutiferum
1588 3248 1840 3307 edidisse
1871 3243 2257 3326 putabantur,
2290 3266 2425 3303 nam
2444 3262 2566 3323 pro
2603 3236 2836 3302 Christo

584 3336 1123 3413 peregrinabantur
1169 3336 1453 3412 (Adamn.
1493 3338 1545 3409 1,
1582 3338 1638 3409 3,
1687 3358 1741 3414 p.
1784 3338 1925 3409 197,
1973 3338 2044 3394 cf.
2076 3334 2246 3393 Beda
2276 3334 2331 3391 h.
2365 3353 2412 3391 e.
2449 3334 2505 3406 3,
2541 3332 2580 3388 4
2631 3332 2666 3408 ξ
2705 3330 2822 3387 161

586 3430 649 3483 et
682 3423 738 3496 5,
773 3426 810 3480 9
848 3424 882 3499 ξ)
920 3425 1073 3499 376)
1105 3426 1218 3483 vel
1265 3424 1348 3484 ad
1392 3421 1642 3485 delenda
1672 3423 2017 3505 peccamina
2048 3423 2329 3499 (Adamn.
2364 3422 2420 3493 2,
2457 3422 2557 3492 70,
2589 3442 2648 3497 p.
2682 3420 2832 3490 222,

584 3514 660 3570 cf.
699 3513 754 3584 1,
789 3512 890 3583 21,
936 3534 994 3589 p.
1030 3514 1201 3590 205).
1278 3514 1372 3571 De
1419 3534 1537 3589 qua
1580 3534 1648 3571 re
1692 3515 1919 3571 nullum
1961 3518 2157 3571 exstat
2187 3510 2396 3569 melius
2425 3508 2832 3567 testimonium

591 3621 767 3678 quam
812 3600 1049 3659 libellus
1096 3601 1195 3661 ille
1243 3603 1315 3660 de
1361 3603 1486 3661 vita
1528 3602 1852 3661 Columbae
1883 3600 2151 3660 Hiiensis
2196 3600 2284 3659 ita
2332 3598 2716 3675 conscriptus,
2763 3601 2832 3654 ut

586 3683 775 3749 ‘vitam
821 3689 1121 3750 intexeret
1166 3690 1424 3750 orationi
1468 3690 1688 3767 partim
1729 3690 1916 3748 latino
1949 3690 2171 3767 partim
2201 3686 2530 3747 Hibernico
2563 3704 2830 3743 sermone

587 3779 661 3837 de
694 3776 907 3837 Genes.
943 3775 1045 3852 12,
1086 3781 1115 3836 1
1166 3780 1407 3838 habitae
1454 3780 1551 3853 (cf.
1586 3798 1744 3855 supr.
1776 3800 1835 3857 p.
1871 3778 1998 3855 54).
2075 3778 2212 3837 Etsi
2259 3778 2415 3835 enim
2461 3771 2836 3851 temporibus

586 3872 785 3927 aetate
812 3866 1134 3927 Columbae
1167 3870 1341 3945 longe
1366 3866 1798 3945 posterioribus
1823 3867 2189 3945 conscriptus
2214 3872 2321 3939 est,
2355 3872 2558 3924 tamen
2582 3861 2832 3920 eandem

584 3956 661 4015 de
718 3956 1160 4035 peregrinando·
1210 3956 1566 4016 sententiam
1610 3954 1753 4014 tulit
1799 3962 1976 4031 atque
2021 3955 2274 4033 priores,
2334 3954 2515 4030 idque
2561 3950 2835 4009 sermone

584 4051 709 4103 tam
756 4045 1040 4104 distincto
1090 4051 1152 4104 et
1195 4044 1471 4115 dilucido,
1517 4049 1587 4102 ut
1633 4064 1822 4121 pauca
1866 4044 2295 4103 transscribere
2340 4042 2488 4100 mihi
2533 4040 2774 4098 liceat:-

772 4130 946 4209 Quod
990 4142 1186 4193 autem
1222 4130 1391 4211 patri
1406 4128 1685 4214 fidelium
1720 4130 2061 4212 precipitur,
2107 4128 2214 4191 Ιιοο
2245 4128 2508 4193 omnibus
2527 4124 2680 4211 filiis
2708 4122 2835 4205 ejus

585 4220 953 4300 implendum
995 4220 1339 4303 relinquitur
1386 4220 1607 4297 (Skene
1653 4221 1741 4295 II,
1789 4243 1924 4300 app.
1971 4243 2028 4299 p.
2077 4222 2232 4297 469)
2266 4265 2279 4278 .
2313 4265 2327 4283 .
2361 4266 2376 4281 .
2407 4216 2592 4279 tribus
2635 4220 2832 4273 autem

586 4309 776 4370 modis
808 4309 1021 4388 patria
1065 4308 1348 4370 deseritur
1389 4312 1469 4387 (p.
1504 4311 1661 4387 461)
1695 4353 1708 4368 .
1741 4354 1755 4369 .
1787 4307 2104 4392 aliquando
2149 4308 2300 4369 enim
2336 4306 2546 4390 patria
2589 4318 2836 4385 corpore
