3259 5084
1500 241 1980 298 -118—

604 422 882 493 fuissent,
926 423 1075 481 haec
1124 424 1253 481 tota
1297 441 1392 479 res
1440 420 1743 478 commoda
1791 439 1909 477 non
1957 424 2100 479 erat.
2193 419 2346 477 Nam
2393 436 2524 477 cum
2571 417 2660 474 illi
2703 417 2854 495 epis-

616 512 751 590 c'opi
804 519 931 571 tum
986 512 1101 569 huc
1146 518 1275 569 tum
1322 510 1461 568 illuc
1506 508 1906 587 pervenirent,
1952 507 2084 565 fieri
2127 508 2353 585 potuit,
2415 513 2484 565 ut
2529 506 2689 564 idem
2734 526 2854 565 mo·

604 601 939 662 nasterium
998 600 1171 659 modo
1229 600 1324 658 vel
1380 600 1652 675 pluribus
1697 603 1921 673 tectum
1965 598 2303 674 praeberet,
2363 596 2538 654 modo
2586 595 2858 654 omnibus

604 690 897 768 profectis
914 690 1121 769 ipsum
1150 688 1469 765 parochiae
1500 687 1840 764 episcopum
1871 687 1944 745 ad
1976 686 2315 764 peragenda
2340 706 2506 745 sacra
2529 683 2856 743 ministeria

606 780 873 839 ,invitare
926 785 1197 838 coactum
1252 782 1406 837 esset
1453 777 1791 853 (Harttung
1836 798 1894 853 p.
1943 775 2071 851 43).
2166 775 2352 833 Plane
2399 794 2542 834 vero
2589 794 2706 831 non
2752 794 2854 851 po·

609 856 815 929 terant
877 868 1021 927 ferri
1060 868 1170 927 -illi
1230 866 1522 945 episcopi,
1593 866 1946 941 simulatque
2015 898 2090 907 ·-
2155 864 2316 941 quod
2373 863 2438 922 in
2498 864 2856 941 perturbata

605 957 860 1017 ecclesia
918 955 1223 1023 Gallorum
1283 956 1559 1016 facillime
1618 954 1745 1013 fieri
1809 954 2008 1031 potuit
2076 988 2150 996 —
2217 960 2388 1011 extra
2447 952 2732 1010 terminos
2790 952 2857 1010 in

608 1045 943 1123 ‚privilegiis
1002 1045 1120 1103 illis
1180 1045 1535 1103 constitutos
1588 1044 1811 1120 egressi
1867 1043 2191 1120 episcopali
2235 1063 2342 1102 sua
2389 1042 2684 1118 dignitate
2729 1046 2855 1100 ute-

607 1137 852 1195 bantur.
944 1133 1312 1205 Accedebat,
1362 1133 1519 1210 quod
1566 1134 1721 1191 varii
1767 1133 1998 1209 generis
2045 1132 2310 1190 homines
2356 1131 2522 1209 vagi,
2569 1131 2748 1189 liberi
2795 1137 2857 1189 et

606 1224 801 1295 servi,
854 1223 1154 1282 vernaculi
1200 1228 1261 1281 et
1306 1220 1633 1298 peregrini,
1688 1228 1758 1280 ut
1801 1223 1966 1280 nullo
2013 1222 2255 1297 negotio
2301 1220 2378 1278 ad
2421 1211 2676 1281 hono'res
2723 1240 2855 1297 per-

607 1312 907 1383 venirent,
942 1310 1351 1387 episcoporum
1381 1310 1890 1388 peregrinantium
1919 1311 2174 1388 speciem
2197 1310 2526 1369 induebant
2552 1310 2648 1385 (cf.
2673 1310 2858 1367 Hart-
2921 1314 2928 1319 “

616 1408 771 1477 tung
810 1421 871 1477 p.
920 1399 1050 1476 52).
2722 1452 2728 1455 .

794 1490 961 1547 Haec
992 1490 1189 1547 omnia
1212 1488 1339 1589 ipse
1366 1487 1656 1547 Columba
1680 1487 1732 1546 si
1756 1495 1882 1546 tum
1907 1489 2130 1561 fuisset,
2163 1476 2676 1547 vehementissime
2701 1448 2856 1547 vitu-

614 1586 894 1657 parasset
938 1578 1191 1637 .Tame'n
1224 1584 1283 1637 et
1314 1578 1443 1655 ipse
1475 1583 1536 1637 et
1566 1596 1770 1637 onnes
1795 1576 1959 1636 Secti
1989 1577 2452 1653 peregrinantes,
2485 1576 2599 1653 ipsi
2631 1596 2858 1635 summa

614 1668 787 1727 laude
818 1668 1005 1743 digni,
1048 1668 1311 1725 insontes
1342 1686 1463 1725 non
1492 1672 1650 1737 sunt,
1696 1666 1920 1743 quippe
1950 1666 2053 1741 qui
2081 1686 2284 1724 omnes
2315 1666 2586 1724 monachi
2615 1666 2851 1737 fuerint,

612 1758 832 1834 ‘quibus
888 1756 950 1814 in
1010 1756 1141 1833 ipsa
1182 1756 1682 1834 ,peregrinatione
1736 1754 2158 1832 peregrinandi
2203 1754 2338 1813 finis
2385 1754 2611 1833 positus
2653 1754 2851 1812 fuerit.

616 1847 775 1909 Num
820 1845 1033 1905 mirum
1081 1850 1188 1917 est,
1238 1845 1397 1921 quod
1432 1846 1653 1904 'talium
1705 1844 1888 1919 magis
1917 1844 2208 1903 intererat
2237 1844 2634 1903 monachicam
2663 1842 2848 1902 vitam

611 1938 677 1995 in
722 1934 903 1995 laicos
949 1954 1300 2013 propagare,
1346 1954 1525 2010 quam
1570 1953 1807 1993 servare
1853 1933 2228 2011 disciplinam
2260 1932 2750 1992 ecclesiasticam?

792 2024 1009 2099 Itaque
1055 2023 1265 2099 negari
1308 2043 1428 2081 non
1474 2029 1676 2101 potest
1713 2022 2102 2095 Bonifatium,
2147 2022 2244 2081 cui
2291 2042 2426 2081 cum
2471 2022 2853 2100 peregrinan-

608 2112 779 2173 tibus
826 2112 1117 2187 episcopis
1158 2117 1220 2170 et
1250 2112 1613 2189 presbyteris
1645 2130 1876 2189 pugnas
1907 2111 2088 2172 fuisse
2119 2118 2373 2183 constat,
2421 2110 2853 2187 quodammodo

612 2200 917 2261 obstitisse
963 2200 1277 2259 Scotorum
1336 2201 1398 2259 in
1462 2200 1790 2261 continenti
1849 2202 2211 2260 auctoritati.
2305 2201 2438 2274 Qua
2481 2200 2546 2257 in
2591 2220 2655 2258 re
2701 2199 2853 2259 vitu-

613 2288 911 2369 perandus
958 2293 1128 2361 esset,
1176 2289 1228 2349 si
1270 2290 1335 2347 in
1380 2309 1581 2348 omnes
1624 2290 1954 2367 promiscue
1996 2291 2238 2350 clericos
2270 2294 2558 2365 vagantes
2591 2290 2858 2365 graviter

616 2378 1029 2449 consuluisset3
1076 2379 1181 2437 sed
1226 2378 1387 2454 quod
1432 2378 1762 2439 ministeria
1807 2379 2206 2442 ecclesiastiea
2251 2400 2288 2437 a
2333 2378 2854 2456 peregrinantibus

616 2468 825 2547 peragi
878 2467 1099 2539 noluit,
1162 2467 1278 2528 nisi
1322 2468 1399 2527 ab
1444 2467 1548 2541 iis,
1612 2468 1714 2545 qui
1759 2469 1855 2527 vel
1901 2489 1936 2526 a
1979 2467 2252 2546 synodali
2298 2473 2594 2529 conventu
2638 2469 2734 2526 vel
2779 2468 2852 2526 ab

614 2556 892 2633 episcopo
949 2557 1203 2632 quodam
1260 2556 1426 2633 digni
1472 2562 1669 2616 essent
1713 2556 1966 2631 inventi,
2021 2559 2142 2634 qui*
2169 2576 2412 2615 munere
2459 2557 2855 2617 ecclesiastico

613 2647 1020 2723 fungerentur,
1064 2646 1199 2722 quis
1244 2652 1355 2719 est,
1400 2646 1503 2723 qui
1549 2645 1783 2705 crimini
1829 2646 1931 2705 det
1959 2645 2266 2706 Bonifatio
2282 2646 2310 2704 P
2382 2644 2484 2705 An
2531 2654 2664 2706 erat
2695 2644 2857 2704 aliud

614 2734 939 2795 remedium
984 2734 1102 2794 nisi
1147 2735 1259 2793 hoc
1302 2755 1511 2807 unum,
1568 2740 1637 2793 ut
1683 2735 1904 2811 singuli
1947 2736 2430 2809 aestimarentur,
2491 2741 2551 2794 et
2594 2755 2704 2812 pro
2749 2752 2855 2793 sua

614 2824 871 2899 quisque
928 2822 1229 2900 dignitate
1287 2828 1392 2882 aut
1452 2823 1810 2900 indignitate
1871 2830 1978 2883 aut
2035 2826 2524 2903 comprobaretur
2567 2830 2672 2882 aut
2717 2842 2852 2881 con·

614 2911 997 2972 damnaretur
1010 2910 1039 2967 Ρ
1132 2911 1313 2971 Certo
1374 2930 1493 2970 non
1555 2918 1700 2971 erat.
1792 2914 1946 2974 Nam
2007 2933 2139 2971 eum
2201 2912 2514 2972 Scotorum
2575 2911 2848 2970 eeclesiae

613 3004 809 3061 mores
856 3006 917 3059 et
960 3000 1241 3062 credendi
1286 2999 1641 3075 vivendique
1688 3000 1843 3060 ratio
1885 3022 1921 3061 a
1949 3002 2356 3060 Romanorum
2389 3002 2506 3061 nisi
2532 3000 2848 3061 levioribus

613 3089 849 3151 diversa
907 3109 1027 3149 non
1086 3096 1308 3162 efflent,
1368 3088 1532 3149 Scoti
1590 3109 1702 3167 pro
1761 3090 1882 3149 suis
1944 3090 2194 3168 quisque
2255 3090 2519 3150 moribus
2573 3090 2850 3167 prodesse

612 3184 939 3256 potuerunt
968 3178 1277 3239 Bonifatio
1323 3178 1385 3237 in
1430 3178 1826 3257 praedicando
1873 3181 2182 3257 evangelio
2231 3178 2562 3239 elaboranti
2607 3185 2713 3238 aut
2752 3178 2856 3237 ob·

614 3288 756 3327 esse.
848 3267 1013 3345 Ergo
1061 3269 1265 3343 quales
1313 3273 1509 3327 essent
1552 3268 1793 3345 singuli,
1839 3270 2241 3346 quaerendum
2289 3276 2436 3328 erat.

790 3357 927 3415 Hac
986 3357 1191 3417 eadem
1246 3356 1477 3415 ratione
1532 3357 1714 3415 etiam
1766 3358 1956 3435 magis
2007 3379 2156 3437 opus
2203 3366 2332 3419 erat
2375 3359 2440 3417 in
2485 3357 2858 3429 Britonibus,

616 3443 679 3503 in
724 3464 875 3519 quos
917 3445 1073 3505 idem
1118 3444 1488 3517 Bonifatius,
1536 3446 1654 3505 nisi
1697 3446 1828 3525 ipse
1870 3468 2042 3526 papa
2075 3448 2468 3507 recentiorum
2515 3467 2676 3505 more
2721 3445 2857 3504 Bri-

614 3538 785 3593 tones
830 3532 1140 3595 nominans
1186 3533 1397 3595 Scotos
1438 3534 1710 3613 intellegi
1755 3536 1971 3608 voluit,
2017 3537 2082 3593 in
2111 3536 2436 3597 Germania
2479 3534 2693 3595 incidit
2739 3537 2858 3612 (ep.

614 3620 813 3681 Bonif-
862 3622 941 3679 37
990 3622 1171 3697 Jaffe,
1226 3622 1383 3683 Bibl.
1429 3643 1543 3683 rer.
1592 3623 1794 3683 Germ.
1840 3624 1962 3697 III,
2008 3646 2066 3703 p.
2123 3626 2290 3702 103).
2363 3626 2520 3687 Nam
2567 3625 2680 3685 etsi
2725 3624 2858 3683 Bri·

612 3716 819 3769 tonum
880 3712 1123 3771 ecclesia
1184 3733 1220 3771 a
1263 3712 1536 3771 Romana
1595 3713 1791 3772 minus
1852 3713 2240 3774 dissentiebat
2303 3734 2482 3791 quam
2527 3712 2859 3787 Scotorum,

615 3805 843 3872 tamen,
890 3800 1032 3877 quia
1075 3800 1331 3861 Romani
1378 3820 1676 3861 unacum
1725 3800 1943 3879 Anglis
1989 3804 2140 3863 adeo
2183 3804 2247 3863 in
2291 3803 2612 3863 Britonum
2659 3803 2858 3862 odium

612 3890 946 3962 subierant,
1006 3895 1075 3949 ut
1120 3890 1401 3950 Britones
1462 3910 1583 3949 non
1637 3892 1824 3951 solum
1883 3912 2016 3951 cum
2061 3892 2280 3970 Anglis
2335 3892 2442 3951 sed
2496 3891 2678 3955 etiam
2726 3910 2857 3951 cum

612 3978 927 4051 Romanis,
987 3999 1063 4038 ne
1116 3978 1309 4039 dicam
1362 3998 1495 4038 enm
1550 3980 1824 4040 omnibus
1877 3981 2214 4041 christianis
2259 4001 2502 4041 romano
2516 4015 2537 4028 ·
2552 3980 2858 4040 catholicis

614 4068 1027 4129 commercium
1084 4068 1303 4127 habere
1360 4068 1592 4129 nollent
1610 4068 1652 4142 ²,
1712 4069 1994 4129 Britones
2054 4070 2118 4129 in
2165 4069 2492 4129 Germania
2553 4073 2858 4129 versantes

758 4278 889 4333 ¹In
913 4278 1220 4349 Bajuvaria
1246 4277 1477 4331 ineunte
1516 4278 1741 4332 saeculo
1769 4280 1970 4333 octavo
1995 4278 2386 4343 corbinianus,
2429 4296 2556 4333 cum
2580 4277 2854 4331 leviorem

614 4349 687 4403 ob
734 4368 960 4405 causam
1008 4350 1195 4405 eidem
1228 4365 1481 4411 mensae,
1533 4350 1625 4403 oui
1664 4348 2024 4403 Grimoaldus
2063 4351 2179 4405 dux
2217 4344 2556 4414 accubabat,
2607 4346 2855 4403 assidere
