3259 5084
1286 266 1718 323 „95-

386 466 443 522 p.
496 442 782 520 69—72)
831 444 1136 521 episcopos
1180 444 1483 503 Romanos
1529 464 1623 516 ea,
1685 442 1758 501 de
1805 462 1922 520 qua
1967 441 2196 519 agimus
2241 448 2452 515 aetate,
2500 441 2620 500 effi-

386 550 582 592 cacem
628 532 1007 591 occidentalis
1051 534 1267 593 nedum
1298 522 1483 593 totius
1514 532 1792 591 ecclesiae
1821 531 2220 610 principatum
2247 549 2621 608 nequaquam

382 618 739 695 obtinuisse,
802 642 870 680 eo
929 622 1123 681 minus
1180 623 1388 699 negari
1432 628 1633 700 potest
1677 642 1802 695 eos,
1864 620 1964 698 qui
2010 619 2411 699 principatum
2455 620 2620 677 illum

388 710 679 789 episcopis
726 710 1014 769 Romanis
1072 712 1371 784 tribuant,
1433 712 1541 771 hac
1594 712 1726 789 ipsa
1779 730 1843 769 re
1899 708 2205 768 manifeste
2251 709 2515 768 indicare
2561 729 2622 767 se

387 798 511 859 esse
572 806 633 858 et
686 801 837 858 velle
891 820 1017 859 esse
1069 801 1394 880 participes
1450 800 1650 873 unius,
1715 805 1896 879 prout
1948 805 2093 857 tunc
2145 800 2622 876 intellegebatur,

386 895 625 948 sanctae
680 889 957 948 ecclesiae
1011 890 1351 949 catholicae.
1443 889 1609 949 Talis
1657 896 1785 949 erat
1831 887 2136 947 Columba.
2227 886 2421 947 Olaris
2467 887 2622 945 enim

384 978 600 1050 verbis,
648 977 1013 1051 clarioribuS,
1060 999 1237 1056 quam
1282 979 1439 1038 ullus
1470 979 1805 1057 aequalium
1837 980 1980 1053 ejus,
2026 975 2426 1055 principatum
2457 976 2622 1033 illum

384 1068 659 1145 episcopo
705 1056 977 1126 Romano
1030 1068 1325 1128 attribuit.
1414 1067 1549 1126 Hoc
1602 1088 1677 1125 ex
1728 1068 1860 1146 ipsa
1913 1067 2018 1124 illa
2071 1066 2474 1125 controversia
2518 1084 2621 1141 pa-

385 1154 569 1215 schali
612 1156 1073 1216 luculentissime
1118 1162 1385 1236 apparet.
1897 1148 1902 1151 ¹

564 1242 931 1318 Columbam,
978 1266 1110 1305 cum
1157 1245 1530 1324 cognovisset
1558 1245 1822 1305 Francos
1854 1246 2110 1306 Victorii
2156 1245 2318 1323 cyclo
2358 1243 2624 1322 paschali

384 1339 623 1393 utentes
669 1334 742 1392 de
782 1335 1199 1413 computandis
1227 1336 1394 1395 festis
1424 1335 1632 1393 diebus
1663 1335 2037 1417 paschalibus
2067 1354 2264 1394 secum
2294 1332 2624 1404 dissentire,

386 1416 553 1482 suam
607 1422 989 1482 traditionem
1044 1444 1246 1483 veram
1302 1429 1481 1501 atque
1536 1424 1887 1483 catholicam
1932 1424 2232 1501 putavisse
2279 1442 2458 1500 supra
2497 1425 2624 1498 jam

385 1511 657 1571 vidimus.
748 1512 965 1573 Fretus
1029 1514 1217 1591 igitur
1276 1512 1619 1573 traditionis
1682 1532 1823 1571 suae
1886 1513 2140 1573 veritate
2199 1510 2326 1590 ipse
2392 1516 2624 1569 contro-

384 1600 612 1660 versiae
656 1620 893 1661 causam
936 1604 1197 1663 inferens
1229 1598 1586 1679 Gregorium
1625 1622 1842 1679 papam
1873 1622 1982 1680 per
2011 1600 2241 1659 litteras
2272 1599 2626 1678 appellavit:

394 1687 631 1762 „miron
659 1688 878 1773 fateor,
924 1691 1138 1769 inquit,
1184 1710 1224 1749 a
1266 1698 1319 1751 te
1349 1688 1500 1749 hunc
1532 1683 1768 1750 Galim
1796 1708 2095 1749 errorem.
2177 1684 2349 1769 ‚jam
2377 1686 2482 1747 diu
2509 1706 2626 1747 non

368 1777 563 1859 fuisse
604 1798 828 1851 rasum,
874 1779 989 1839 nist
979 1778 1165 1860 'forte
1186 1770 1405 1861 prdem,
1436 1777 1595 1861 quod
1622 1777 1724 1839 via:
1751 1778 1983 1839 credere
1999 1798 2264 1859 possum,
2311 1774 2457 1836 dum
2495 1779 2627 1836 eam

386 1875 608 1927 constat
652 1888 691 1926 a
734 1876 787 1927 te
828 1887 948 1929 non
976 1866 1166 1947 fuisse
1212 1866 1597 1936 emendatum,
1643 1866 1810 1945 apud
1845 1875 1898 1926 te
1928 1884 2045 1927 esse
2060 1864 2384 1947 probatum
2415 1867 2533 1943 (ep.
2569 1865 2625 1937 5,

390 1977 448 2031 p.
498 1956 579 2011 32
630 1955 705 2029 O)
752 1998 765 2012 .
799 1998 813 2012 .
846 1998 860 2011 .
900 1964 1003 2013 aut
1046 1974 1259 2015 excusa
1302 1962 1405 2015 aut
1448 1954 1674 2016 damna
1735 1950 2054 2015 Viam-ium
2098 1956 2203 2032 (ib.
2249 1954 2344 2032 F).
2419 1954 2628 2029 Neque

392 2043 545 2100 hanc
602 2040 969 2122 dijudicandi
1024 2049 1384 2122 potestatem
1442 2064 1636 2123 papae
1691 2064 1810 2104 non
1855 2045 2138 2104 attribuit
2181 2044 2296 2102 nisi
2342 2043 2624 2120 quamdin

394 2132 663 2211 speravit
705 2131 859 2204 fore,
904 2138 974 2191 ut
1018 2153 1177 2213 papa
1222 2154 1259 2192 a
1304 2154 1410 2191 sua
1452 2139 1625 2212 parte
1671 2140 1879 2208 staret,
1923 2134 2100 2192 immo
2145 2128 2462 2211 postquam
2509 2132 2626 2191 sibi

390 2220 685 2299 persuasit
744 2222 1024 2283 ecclesiae
1071 2222 1377 2281 Romanae
1432 2223 1914 2283 consuetudinem
1973 2222 2216 2283 eandem
2273 2241 2398 2281 esse
2445 2227 2626 2298 atque

391 2307 719 2382 Gallorum,
765 2315 907 2370 tunc
950 2312 1295 2371 facultatem
1340 2313 1725 2391 permanendi
1771 2313 1834 2371 in
1881 2332 1988 2372 sua
2032 2312 2354 2371 traditione
2401 2330 2436 2368 a
2465 2329 2624 2386 papa

390 2398 504 2457 sibi
560 2399 957 2475 quaerendam
1004 2420 1127 2460 esse
1175 2420 1415 2461 censens
1462 2400 1768 2461 Bonifatio
1815 2421 2007 2479 papae
2055 2400 2312 2477 scripsit·
2379 2396 2468 2471 „si
2507 2416 2626 2456 non

390 2495 591 2547 eontra
599 2486 794 2570 fidem
824 2496 922 2558 est,
950 2498 1284 2549 nostrorum
1312 2488 1685 2548 traditionem
1713 2488 1950 2548 robores
1971 2487 2278 2559 seniorum,
2309 2504 2424 2567 quo
2445 2483 2625 2544 mitum

383 2572 639 2654 paschae
673 2574 819 2635 sicat
847 2576 1173 2656 accepimus
1200 2596 1239 2635 a
1270 2572 1589 2657 majoribus
1620 2575 1922 2637 observare
1942 2595 2074 2655 per
2115 2584 2306 2635 tuum
2324 2572 2627 2654 possimus

376 2653 733 2745 judicium
791 2663 853 2723 in
910 2673 1114 2724 nostra
1164 2662 1666 2751 pereffluationffl
1721 2667 1838 2744 (ep.
1893 2667 1945 2738 1,
1991 2686 2048 2744 p.
2097 2665 2182 2723 24
2227 2664 2324 2739 F).
2416 2662 2625 2739 Neque

388 2753 510 2811 ulla
568 2759 711 2812 tunc
769 2753 833 2811 in
888 2754 1086 2813 sedem
1142 2744 1527 2832 apostolicam
1582 2756 1968 2814 exacerbatus
2021 2760 2154 2813 erat
2199 2752 2625 2830 indignatione,

385 2842 570 2901 etiam
615 2846 757 2901 tunc
803 2843 1081 2922 cupiebat
1125 2863 1321 2903 omnes
1364 2842 1491 2907 sedi
1531 2840 1882 2923 apostolicae
1897 2841 2314 2925 praesidentes,
2361 2838 2623 2901 dulcissi-

388 2950 515 2991 mos
573 2930 837 2991 omnibus
872 2929 1173 3015 praesules
1196 2930 1504 3017 fidelibus,
1552 2952 1624 2992 ac
1668 2932 1871 2994 merito
1917 2929 2218 3015 apostolici
2257 2928 2492 2991 honoris
2535 2948 2622 2989 re-

390 3018 829 3080 verendissimos
876 3030 1084 3101 patres
1142 3020 1374 3081 visitare
1419 3022 1586 3099 (ibid.
1632 3023 1736 3099 D).
1827 3023 1990 3099 Ergo
2045 3040 2165 3081 non
2213 3021 2490 3080 simulata
2535 3026 2626 3077 est

390 3109 724 3166 reverentia
782 3110 913 3181 illa,
974 3130 1091 3187 qua
1152 3117 1475 3170 commotus
1537 3111 1844 3170 Bonifatio
1904 3131 2096 3190 papae
2158 3110 2474 3188 epistulam
2534 3106 2623 3166 in-

392 3196 633 3273 scripsit
675 3204 744 3256 ut
776 3192 1178 3275 pulcherrimo
1225 3197 1486 3257 omnium
1514 3196 1686 3257 totius
1719 3196 2000 3278 Europae
2028 3195 2396 3258 ecclesiaram
2428 3193 2625 3273 capiti,

385 3300 583 3366 papae
590 3282 922 3364 praedzdoi,
934 3282 1241 3363 praecelso
1256 3282 1537 3365 praesuli,
1548 3294 1868 3364 pastorum
1875 3285 2115 3367 pastori
2133 3288 2249 3363 (ep.
2267 3285 2325 3357 4,
2349 3305 2408 3362 p.
2429 3284 2510 3341 28
2525 3283 2624 3361 Ε),

391 3393 531 3449 ergo
578 3392 697 3431 non
742 3374 1050 3433 blanditiis
1094 3394 1235 3434 usus
1285 3408 1362 3419 ·-
1413 3376 1681 3453 profecto
1727 3375 2014 3435 Columba
2059 3395 2178 3433 non
2224 3374 2274 3433 is
2322 3378 2475 3445 erat,
2521 3373 2626 3451 qui

389 3462 762 3523 blandiretur
806 3496 903 3509 --·
948 3454 1169 3536 „liber-e,
1216 3464 1429 3540 inquit,
1476 3460 1714 3545 eloquar
1761 3465 1980 3543 [papis]
2011 3462 2224 3524 nostris
2261 3471 2455 3543 utpote
2497 3482 2623 3520 ma·

330 3564 343 3577 ⁰
386 3550 583 3633 qistn‘s
625 3570 697 3611 ac
741 3549 1061 3633 spiritualis
1104 3551 1271 3612 navis
1312 3550 1826 3634 yubevvtatovibus“
1879 3554 1984 3630 (ib.
2033 3554 2118 3612 28
2165 3551 2265 3629 G),
2320 3573 2461 3629 ergo
2508 3571 2624 3610 non

388 3641 527 3700 ficta
574 3647 703 3700 erat
748 3642 1123 3701 oboedientia
1168 3642 1449 3702 dicentis:
1506 3662 1648 3715 „nos
1692 3640 1846 3703 enim
1889 3636 2001 3702 SS.
2043 3639 2211 3702 Pom·
2251 3650 2303 3700 et
2346 3637 2534 3700 Pauli
2574 3647 2626 3699 et

390 3728 651 3790 omnium
694 3728 1119 3809 discipulorum
1163 3730 1427 3791 divinum
1471 3738 1750 3793 canonem
1780 3726 2006 3812 spiritu
2034 3720 2230 3792 sancto
2260 3727 2626 3790 scribentium

390 3816 664 3900 discipuli
702 3838 921 3890 sumus,
964 3818 1070 3882 toti
1096 3816 1319 3880 Heben’
1362 3822 1470 3899 [=
1500 3842 1703 3881 omnes
1734 3821 2031 3898 Hiberni],
2063 3816 2254 3880 ultimi
2279 3816 2626 3878 habitatores

389 3905 600 3966 mundi
617 3904 763 3967 nihil
782 3917 949 3967 eastra
970 3906 1357 3989 evangelicam
1379 3917 1430 3969 et
1452 3906 1836 3989 apostolicam
1855 3908 2184 3970 doctrinam
2203 3906 2532 3987 recipientes
2547 3952 2561 3966 .
2578 3949 2592 3963 .
2607 3947 2622 3964 .

366 3994 528 4079 fides
572 3992 855 4055 catholica
896 3996 1041 4057 sicut
1086 4018 1125 4057 a
1152 3996 1311 4057 vobis
1330 3996 1601 4077 primum
1628 4007 1963 4059 sanctor-am
1991 3996 2204 4059 scilicet
2225 3992 2625 4120 apolstolomm

390 4081 805 4144 szwcesscm'bus
862 4085 1083 4145 tradita
1142 4095 1224 4148 est
1286 4087 1469 4165 [apud
1527 4089 1660 4165 nos]
1708 4087 2047 4149 inconeussa
2091 4084 2350 4148 tenetur1
2398 4085 2515 4162 (ep.
2565 4082 2622 4155 4,

536 4226 558 4259 ²
596 4224 891 4293 Quomodo
919 4221 1209 4278 Ebrardus
1250 4226 1329 4293 (p.
1360 4225 1451 4293 15)
1487 4224 1547 4277 in
1584 4224 1672 4278 his
1710 4225 1895 4279 verbis
1930 4222 2314 4301 testimonium
2338 4218 2625 4274 invenerit

382 4298 530 4365 „fu'r
565 4296 665 4351 das
700 4294 1154 4350 ausschliessliche
1178 4296 1426 4350 Ansehen
1463 4296 1557 4349 der
1594 4295 1665 4350 hl.
1691 4294 1964 4363 Schrift‘g
1965 4294 2109 4348 non
2147 4292 2434 4363 intellege.
2499 4290 2622 4344 Ad-

390 4336 501 4423 huc
546 4369 696 4421 enim
741 4371 971 4421 nostrae
1021 4367 1224 4421 aetatis
1278 4366 1545 4422 catholici
1594 4366 1797 4420 iisdem
1834 4367 2020 4421 verbis
2059 4365 2142 4420 uti
2179 4367 2440 4433 possunt,
2490 4362 2624 4432 quia
