3259 5084
1295 257 1731 318 ...4,5...

487 433 772 497 metans
815 436 878 496 in
923 436 1022 498 dei
1063 435 1266 497 timore
1311 446 1364 498 et
1387 436 1520 520 fide
1561 435 1891 510 ἰτηπωόἄὸθ,

483 544 660 605 super
703 546 874 606 quem
917 525 1256 610 aedzflcatur
1299 535 1362 585 ut
1406 524 1620 586 Petrus
1666 525 1914 602 ecclesia,

483 611 758 696 cujusque
781 613 1174 698 apostolatum
1201 637 1240 674 a
1271 615 1379 675 deo
1409 615 1647 676 sonitus
1676 625 1781 676 est:
1816 617 1921 692 (H.
1946 618 2062 676 and
2086 617 2175 680 St.
2202 619 2287 690 Π,
2316 621 2373 692 2,
2398 640 2455 696 p.
2473 612 2636 695 324)

399 704 504 760 illa
550 703 990 781 interpretandi
1033 705 1266 764 ratione
1297 705 1384 763 ita
1414 725 1586 783 posse
1619 706 1904 782 intellegi,
1950 713 2019 765 ut
2050 727 2085 764 a
2116 729 2275 785 papa
2304 708 2636 768 Patricium

393 792 636 850 missum
697 814 822 852 esse
885 794 1199 853 videantur
1267 815 1562 852 enarrare.
1680 794 1799 852 Sed
1856 815 2048 871 neque
2109 796 2203 854 his
2262 817 2455 874 neque
2516 797 2636 855 illis

397 882 668 940 versibus
716 884 806 940 uti
851 883 1010 955 licet,
1058 883 1235 941 immo
1269 883 1665 942 confitendum
1713 889 1821 956 est,
1869 883 2191 942 Secundini
2234 885 2515 962 hymnum
2560 887 2637 944 ad

395 969 864 1030 adumbrandam
923 972 1175 1031 Patricii
1235 973 1423 1032 vitam
1484 973 1703 1031 nullius
1764 973 2049 1032 momenti
2108 994 2250 1032 csse.
2349 975 2527 1047 Quod
2587 975 2637 1032 si

395 1078 593 1118 omnes
641 1061 1057 1132 concederent,
1119 1061 1192 1118 de
1247 1067 1516 1137 tempore
1574 1061 1784 1120 melius
1824 1062 2177 1137 judicarent.
2268 1063 2432 1121 Luce
2480 1063 2636 1120 enim

395 1148 610 1207 clarius
673 1155 762 1208 est
821 1169 1134 1227 perperam
1196 1150 1449 1209 attribui
1504 1149 1616 1208 hoc
1672 1171 1907 1208 carmen
1954 1150 2314 1224 Secundino,
2384 1152 2638 1210 Patricii

395 1238 630 1313 aequali
675 1258 861 1315 eoque
905 1239 1159 1297 testibus
1204 1239 1518 1298 annalibus
1565 1239 1670 1314 (H.
1704 1240 1822 1297 and
1853 1238 1942 1298 St.
1974 1239 2059 1313 Π,
2096 1241 2133 1297 2
2167 1263 2223 1319 p.
2261 1242 2401 1298 327
2419 1245 2541 1298 not.
2574 1242 2634 1317 a)

395 1331 532 1383 ante
563 1327 756 1404 ipsum
787 1326 1118 1386 Patricium
1147 1333 1401 1387 mortuo.
1495 1329 1757 1388 Nonne
1734 1349 1856 1404 Jam
1886 1328 2066 1405 primi
2096 1329 2371 1388 carminis
2404 1349 2633 1388 versus:

482 1410 725 1485 Audite,
772 1435 966 1475 omnes
1011 1425 1271 1476 amantes
1317 1415 1511 1487 eleum,
1559 1425 1762 1475 sancta
1806 1416 2015 1477 merita

481 1501 597 1562 vivi
623 1502 685 1562 in
719 1501 954 1564 Christo
987 1502 1138 1564 beati
1166 1502 1416 1564 Patricii
1443 1503 1726 1586 episcopi:
1764 1506 1868 1580 (Η.
1903 1506 2021 1564 and
2052 1504 2141 1565 St.
2174 1505 2261 1579 II,
2296 1509 2351 1578 2,
2384 1529 2442 1584 p.
2478 1508 2632 1583 324)

395 1591 803 1652 demonstrant
847 1599 1086 1671 poe‘tam
1130 1595 1316 1653 multo
1361 1599 1497 1672 post
1527 1595 1782 1652 Patricii
1811 1600 2062 1653 mortem
2094 1595 2352 1654 vixisse?
2398 1595 2631 1672 Itaque,

395 1700 512 1756 quo
558 1687 824 1760 tempore
869 1683 1122 1758 hymnus
1171 1683 1528 1760 compositus
1575 1683 1679 1755 sit,
1738 1683 1851 1742 nisi
1899 1705 1971 1741 ex
2018 1684 2163 1760 ipsis
2220 1684 2519 1753 codicibus
2574 1688 2635 1742 et

393 1790 466 1826 ex
521 1778 786 1830 veterum
843 1771 1199 1830 testimoniis
1255 1765 1486 1830 definiri
1541 1793 1661 1829 non
1717 1777 1953 1848 potest·
2024 1773 2245 1832 Exstat
2306 1779 2505 1832 autem
2568 1773 2630 1831 in

395 1858 592 1918 codice
637 1860 778 1918 libri
823 1860 1174 1935 hymnorum
1219 1879 1352 1918 saec
1391 1859 1492 1916 XI
1540 1859 1797 1936 (Stokes,
1844 1859 2153 1920 Goidelica
2183 1861 2321 1921 edit.
2358 1863 2393 1918 2
2428 1883 2485 1938 p.
2520 1863 2630 1939 61)

395 1952 456 2004 et
501 1947 563 2005 in
607 1946 1052 2024 Antiphonario
1107 1948 1510 2006 Benchorensi
1567 1955 1705 2007 ante
1762 1970 1981 2007 annum
2038 1951 2193 2022 691,
2261 1957 2333 2008 ut
2384 1955 2632 2026 putatur

397 2035 562 2107 (num
607 2037 808 2094 recte?
856 2037 926 2094 cf.
975 2041 1183 2094 contra
1231 2036 1489 2109 Schoell‚
1536 2037 1779 2114 Herzog
1824 2038 1899 2096 R.
1945 2039 2015 2096 Ε.
2072 2039 2143 2096 11
2196 2058 2253 2115 p.
2303 2040 2431 2096 200
2478 2043 2629 2114 ejus·

395 2123 529 2179 dem
577 2123 713 2184 diss.
759 2147 818 2202 p.
871 2125 996 2201 54),
1045 2124 1405 2202 conscript03
1474 2126 1666 2202 prima
1712 2146 1851 2184 vero
1898 2147 2039 2186 vero
2086 2128 2363 2186 carminis
2404 2129 2629 2186 mentio

391 2213 691 2288 reperitur
736 2213 796 2270 in
839 2213 1258 2272 additamentis
1291 2213 1608 2272 Tirechani
1641 2215 1819 2291 (liber
1849 2213 2059 2282 Ardm.
2092 2216 2346 2275 Betham
2375 2217 2460 2290 H,
2492 2237 2628 2296 app.

391 2320 448 2376 p.
496 2299 832 2378 XXXVI).
920 2300 1138 2378 Itaque
1199 2304 1430 2361 saeculo
1491 2303 1745 2382 septimo
1806 2306 2063 2382 priorem
2126 2325 2247 2364 esse
2310 2305 2629 2364 Secundini

391 2388 672 2464 hymnum
705 2391 1079 2468 comprobari
1119 2410 1237 2449 non
1283 2397 1498 2468 potest,
1546 2413 1731 2471 eaque
1778 2393 1909 2470 ipsa
1954 2394 2027 2451 de
2074 2413 2249 2452 causa
2296 2395 2477 2452 etiam
2520 2393 2627 2450 mi-

391 2477 552 2535 noris
598 2480 879 2538 momenti
927 2485 1032 2538 est.

569 2566 734 2639 Quae
789 2567 1031 2626 tandem
1087 2574 1326 2627 exstant
1379 2569 1600 2627 saeculi
1656 2569 1893 2647 septimi
1946 2570 2137 2628 altera
2196 2575 2371 2647 parte
2430 2571 2629 2647 priora

392 2655 466 2714 de
508 2654 776 2714 Patricio
837 2656 1214 2715 testimonia?
1289 2657 1428 2714 Duo
1489 2663 1651 2729 sunt,
1720 2657 1887 2734 prius
1950 2669 2023 2716 ac'
2080 2658 2267 2718 levius
2328 2658 2629 2732 Cumeani,

394 2745 642 2803 alterum
690 2744 1106 2820 gravissimum
1154 2743 1476 2804 Columbae
1522 2745 1933 2804 Luxoviensis.
2536 2774 2540 2776 ·

569 2831 812 2892 Certum
873 2839 962 2892 est
1016 2839 1352 2910 utrumque.
1441 2834 1564 2893 Vix
1625 2834 1781 2893 enim
1840 2834 2057 2894 licebat
2115 2834 2407 2896 Schoellio
2470 2837 2632 2913 (diss.

391 2943 449 3000 p.
499 2922 610 2997 73)
655 2921 716 2978 in
765 2922 1196 2982 dubitationem
1243 2943 1481 2996 vocare,
1531 2943 1683 3000 quae
1730 2921 2065 2984 Cumeanus
2109 2924 2183 2982 de
2228 2926 2411 2984 variis
2458 2927 2635 3002 cyclis

392 3011 768 3087 paschalibus
829 3012 1014 3069 verba
1074 3011 1296 3070 faciens
1358 3011 1643 3089 Segenio,
1712 3013 1920 3072 abbati
1958 3013 2216 3072 'Hiiensi
2285 3034 2439 3073 anno
2505 3016 2632 3072 634

393 3100 489 3174 (cf.
535 3099 716 3175 infra)
779 3100 1017 3176 scripsit
1076 3099 1375 3178 „primum
1439 3101 1512 3160 de
1573 3098 1731 3182 cyclo
1788 3098 1887 3161 illo
1942 3120 2113 3183 quem
2173 3099 2259 3161 St.
2320 3099 2632 3172 Patricius,

385 3206 556 3267 papa
600 3195 814 3256 noster,
877 3186 1004 3246 tulit
1049 3197 1101 3246 et
1129 3186 1329 3270 facit“
1375 3185 1637 3269 (Usserii
1678 3197 1933 3250 veterum
1977 3188 2355 3268 epi-stolarum
2398 3186 2631 3270 sylloye.

391 3271 585 3334 Pari-3.
641 3275 806 3333 1665
855 3297 911 3352 Ρ.
958 3277 1084 3352 21).
1177 3277 1330 3334 Nam
1377 3279 1604 3352 cyclum
1652 3278 1836 3350 illum,
1882 3277 1983 3348 „in
2026 3275 2325 3357 Ἰασίωνα
2370 3297 2411 3335 α
2458 3273 2643 3336 XIV

388 3383 566 3443 usque
609 3361 674 3422 in
724 3359 912 3421 XXI
945 3363 1310 3445 reffldariter,
1329 3363 1701 3424 observaturss‘
1747 3365 1941 3443 (ibid.)
1988 3366 2239 3431 eundem
2284 3367 2479 3440 fuisse,
2529 3367 2631 3443 qui

390 3458 598 3529 postea
664 3451 1067 3511 Romanorum
1145 3459 1274 3512 erat
1287 3497 1301 3526 ,
1380 3474 1690 3532 perperam
1766 3453 2095 3513 Schoelli-us
2171 3456 2449 3534 opinatus
2526 3463 2630 3514 est.

391 3541 607 3614 Imm0‚
673 3542 748 3613 si,
773 3611 782 3619 ι
811 3541 872 3600 1ᾶ
921 3543 1079 3618 quod
1126 3563 1241 3600 non
1295 3563 1449 3600 unus
1503 3543 1630 3621 ipse
1690 3549 1862 3620 put0,
1934 3545 2117 3603 verba
2170 3545 2275 3603 illa
2340 3545 2429 3604 ita
2492 3552 2631 3604 sunt

389 3629 854 3708 interpretanda,
902 3637 970 3689 ut
1014 3632 1188 3689 lunae
1234 3631 1426 3690 XVI⁸
1472 3632 2022 3710 comprehendatur,
2069 3634 2245 3692 lunae
2287 3633 2486 3692 XXI*
2532 3655 2629 3692 ex-

391 3719 666 3778 cludatur
709 3719 1092 3778 hebdomadis
1139 3721 1351 3797 spatio,
1398 3722 1498 3779 1116
1546 3741 1671 3780 mos
1702 3721 1954 3780 Patricii
2000 3727 2063 3780 et
2108 3742 2239 3780 cum
2286 3724 2631 3800 posterioris

391 3808 674 3884 temporis
708 3807 900 3867 Scotis
949 3813 1010 3866 et
1055 3827 1187 3866 cum
1235 3829 1372 3867 suae
1421 3811 1637 3868 aetatis
1668 3810 1955 3869 Romanis
2001 3815 2061 3868 et
2092 3811 2446 3870 Britonibus
2493 3831 2627 3870 con-

391 3897 618 3970 gruisse
664 3897 979 3956 invenitur.
1043 3897 1441 3970 Quamobrem
1489 3897 1775 3958 Cumeani
1821 3899 1893 3956 de
1937 3899 2203 3958 Patricio
2233 3903 2415 3960 verba
2460 3901 2629 3959 nobis

389 3986 525 4042 usui
571 4005 696 4044 esse
742 4005 858 4043 non
906 3992 1172 4062 possunt.

571 4073 828 4132 Gravius
875 4081 966 4132 est
1013 4073 1335 4134 Columbae
1368 4075 1763 4136 Luxoviensis
1810 4077 2228 4137 testimonium.
2304 4077 2631 4154 Reperitur

391 4163 546 4220 enim
592 4162 842 4220 Patricii
885 4181 1098 4222 nomen
1154 4164 1218 4221 in
1264 4164 1614 4223 Calendario
1664 4166 1918 4242 quodam
1973 4166 2337 4225 Luxoviensi
2390 4165 2453 4222 in
2504 4183 2628 4224 mo-

389 4251 651 4310 nasterio
710 4249 900 4307 medio
961 4253 1194 4310 saeculo
1263 4253 1516 4330 septimo
1586 4255 1920 4330 conscripto
1968 4255 2193 4330 (Piper.
2242 4249 2467 4324 Kar-bs,
2528 4253 2630 4314 des

393 4333 668 4409 &ros-emt,
715 4335 1152 4398 Kalendamm
1197 4340 1324 4399 und
1375 4336 1699 4422 Ostertafel.
1750 4343 1918 4399 1858
1965 4363 2022 4419 Ρ.
2058 4341 2185 4418 64).
2277 4341 2449 4400 Unde
2497 4363 2627 4404 cum
