3259 5084
1282 271 1726 332 ..41-

385 459 444 513 et
489 453 565 511 ad
610 451 836 511 insulas
875 451 1064 512 maris
1107 451 1403 528 Tyrrheni
1458 453 1727 530 profecto
1788 453 1886 527 (cf.
1910 451 2237 526 Windisch,
2283 475 2339 531 p.
2378 455 2458 512 10
2492 457 2621 532 sq.).

385 545 552 618 Quae
595 541 892 600 sententia
921 541 972 600 si
1002 561 1146 600 vera
1177 546 1347 614 esset,
1395 541 1563 599 Fieci
1591 541 1844 617 hymnus
1875 540 2193 600 Tirechani
2223 547 2419 602 aetate
2450 544 2622 621 longe

383 631 676 692 vetustior
735 635 892 690 esset
949 629 1285 703 habendus,
1349 651 1541 708 neque
1603 629 1895 707 quomodo
1956 631 2191 690 fabulae
2252 632 2325 690 de
2370 632 2624 692 Patricii

383 721 598 779 itinere
655 719 924 778 Romano
985 724 1151 778 ortae
1212 725 1434 793 essent,
1497 720 1751 797 amplius
1812 720 2123 778 obscurum
2184 726 2340 780 esset
2397 756 2486 766 —
2548 721 2623 782 iis

383 809 685 883 videlicet,
756 809 857 884 qui
923 829 958 867 0
1017 809 1214 868 verbis
1274 829 1393 867 non
1453 815 1612 867 recte
1672 808 1993 869 intellectis
2052 810 2290 868 fabulae
2351 811 2623 869 omnibus

382 899 722 977 passeribus
770 903 946 956 notae
994 898 1282 974 originem
1327 898 1519 974 repeti
1562 917 1738 976 posse
1782 902 2013 975 putent.
2104 897 2225 957 Sed
2269 898 2407 958 licet
2451 899 2622 958 dubi-

386 996 530 1061 tare,
579 1006 775 1046 annon
821 987 1194 1062 grammatici
1237 987 1324 1045 illi
1363 1022 1438 1030 —
1476 994 1545 1046 ut
1590 993 1819 1046 taceam
1867 987 1941 1046 do
1970 987 2344 1047 Bollandista
2382 1023 2456 1030 —
2492 1009 2623 1047 ver·

381 1079 592 1136 borum
651 1079 972 1134 formarum
1036 1081 1098 1135 et
1157 1081 1492 1135 structurae
1552 1076 1897 1152 diligentius
1951 1077 2245 1135 rationem
2289 1077 2623 1149 habuerint,

386 1187 563 1244 quam
623 1165 1100 1225 testimoniorum
1160 1165 1444 1224 historiae
1498 1165 1773 1243 inprimis
1827 1165 1970 1224 libri
2014 1164 2441 1225 Ardmachani.
2532 1166 2625 1226 Ne

383 1262 581 1314 autem
612 1255 740 1314 vice
786 1275 955 1314 versa
999 1254 1311 1313 historicos
1355 1255 1670 1314 verborum
1718 1255 1939 1313 formas
1970 1255 2295 1332 neglexisse
2328 1254 2624 1332 quispiam

383 1345 566 1418 dicat,
626 1344 909 1421 primum,
973 1363 1112 1401 num
1167 1344 1552 1420 grammatica
1607 1363 1704 1402 ars
1761 1343 1910 1402 certi
1964 1344 2192 1422 aliquid
2238 1344 2311 1402 de
2357 1344 2626 1404 versibus

387 1434 506 1492 illis
551 1433 887 1512 protulerit,
937 1453 1302 1510 quaeramus.
1377 1434 1513 1495 Non
1558 1433 1828 1510 protulit.
1905 1433 2059 1492 Nam
2105 1453 2222 1492 non
2269 1435 2457 1491 solum
2489 1433 2623 1493 Sto-

381 1523 596 1595 kesiuS,
644 1521 738 1581 vir
767 1521 1110 1581 Hibernicis
1141 1522 1373 1581 'litteris
1419 1529 1659 1598 praeter
1706 1528 1932 1580 ceteros
1972 1521 2143 1580 docte
2175 1521 2457 1595 eruditus,
2504 1543 2624 1580 una

384 1633 516 1670 011111
562 1617 763 1670 vetere
810 1611 1084 1670 carminis
1131 1611 1493 1688 explicatore
1541 1612 1639 1686 (cf.
1688 1610 2015 1682 Windisch,
2063 1611 2144 1668 Ir.
2178 1611 2368 1670 Texte
2413 1632 2470 1687 p.
2519 1613 2622 1686 19)

382 1701 444 1759 111
492 1701 668 1758 0110111
710 1700 1064 1758 sententiam
1094 1700 1322 1776 accepit
1355 1699 1630 1758 carminis
1662 1719 1884 1773 versuS,
1931 1705 2001 1758 ut
2028 1699 2163 1776 ipsi,
2212 1701 2415 1777 quales
2446 1719 2625 1777 supra

383 1795 620 1849 exstant
681 1788 945 1847 conversi
1008 1790 1084 1847 ab
1144 1789 1273 1860 illo,
1336 1789 1771 1859 demonstrant,
1830 1788 1932 1847 sed
1980 1788 2159 1847 etiam
2204 1788 2624 1861 Windischius‚

383 1877 657 1936 Stokesio
689 1878 897 1935 iisdem
929 1877 1144 1936 studiis
1175 1877 1428 1936 sociatus
1471 1883 1532 1935 et
1579 1876 1781 1934 eadem
1828 1877 2000 1935 laude
2046 1877 2372 1951 sociandus,
2420 1897 2622 1955 quam-

383 1967 474 2025 vis
518 1967 646 2043 ipse
688 1965 910 2024 Leonis
948 1965 1433 2042 interpretationi
1477 1967 1693 2038 faveat,
1740 1971 1939 2024 tamen
1986 1966 2233 2024 alteram
2278 1967 2441 2024 illam
2474 1987 2623 2024 com-

383 2054 548 2112 muni
594 2055 910 2113 verborum
957 2055 1107 2113 mori
1152 2075 1484 2130 repugnare
1515 2075 1589 2113 ne
1620 2073 1741 2112 uno
1774 2054 2011 2132 quidem
2044 2056 2225 2113 verbo
2259 2055 2473 2128 docuit,
2523 2054 2626 2114 sed

383 2143 530 2202 duas
577 2143 722 2202 alias
769 2143 975 2202 attulit
1023 2163 1245 2215 causas,
1293 2163 1470 2202 unam
1499 2143 1955 2221 geographicam
1986 2144 2233 2202 alteram
2263 2144 2623 2216 historicam,

293 2294 297 2300 ,
383 2253 561 2309 quae,
611 2231 721 2292 etsi
769 2232 916 2290 levis
963 2239 1050 2291 est
1097 2239 1336 2304 neutra,
1400 2237 1593 2292 tamen
1638 2252 1763 2291 rem
1810 2232 2145 2310 disceptare
2191 2253 2312 2292 non
2355 2239 2621 2310 possunt.

560 2321 782 2380 Levius
839 2327 930 2379 est
987 2327 1402 2398 argumentum
1458 2321 1607 2379 illud
1668 2321 2156 2399 geographicum,
2228 2323 2386 2397 quod
2446 2323 2623 2380 mira-

381 2411 562 2469 bilius
609 2410 832 2469 dictum
881 2416 1036 2469 esset
1079 2411 1325 2469 Latium
1370 2411 1759 2468 meridionale
1814 2430 1922 2488 pro
1977 2412 2123 2468 urbe
2170 2410 2378 2469 Roma.
2470 2411 2624 2470 Nam

385 2499 518 2577 quis
566 2499 718 2558 dixit
765 2499 912 2559 illud
943 2499 1188 2557 Latium
1233 2499 1618 2558 meridionale
1665 2498 2128 2574 intellegendum
2176 2519 2301 2558 esse
2330 2499 2623 2557 Romam?

383 2589 574 2647 Immo
621 2608 731 2665 pro
781 2587 998 2660 „Italia
1046 2592 1212 2646 tota“
1259 2587 1482 2646 dictum
1529 2593 1637 2646 est.
1732 2587 1906 2660 Quod
1949 2587 2142 2664 ipsum
2188 2585 2625 2646 Windischium

385 2697 500 2736 non
554 2676 827 2754 fugisset,
898 2675 1013 2734 nisi
1073 2677 1344 2752 neglecto
1406 2676 1560 2735 libro
1622 2673 2044 2735 Ardmachano
2108 2675 2366 2735 solarum
2426 2683 2620 2754 poste·

383 2767 604 2825 riorum
649 2765 907 2825 vitarum
953 2765 1226 2842 inprimis
1269 2765 1316 2824 J
1317 2765 1527 2824 ocelini
1571 2764 1863 2823 rationem
1910 2764 2230 2824 habuisset.

562 2853 820 2914 Gravius
877 2860 968 2913 est
1023 2855 1276 2914 alterum
1330 2854 1479 2913 illud
1539 2854 1911 2928 historicum,
1984 2853 2144 2930 quod
2188 2875 2223 2912 a
2270 2855 2447 2913 nullis
2494 2854 2625 2914 aliis

383 2945 499 3004 nisi
558 2944 634 3002 ab
694 2944 792 3015 iis,
855 2945 957 3019 qui
1002 2943 1168 3002 Fieci
1227 2943 1484 3003 carmine
1531 2942 1831 3016 nituntur,
1902 2949 2249 3004 narraretur
2293 2943 2623 3004 Patricium

383 3034 446 3091 in
505 3033 712 3092 insulis
782 3033 960 3091 maris
1031 3031 1327 3110 Tyrrheni
1395 3031 1682 3092 Germani
1758 3033 2179 3092 consuetudine
2248 3054 2417 3092 usum
2480 3053 2623 3092 esse.

386 3121 611 3180 Tamen
657 3123 768 3180 hoc
815 3129 1228 3198 argumentum
1273 3122 1550 3180 idoneum
1596 3141 1717 3180 non
1765 3128 1882 3194 est,
1947 3121 2106 3198 quod
2150 3141 2274 3180 rem
2321 3121 2622 3196 dijudicet.

391 3212 547 3285 Quid
596 3211 792 3268 enim?
837 3211 886 3269 si
933 3216 1110 3287 poeta
1159 3211 1303 3268 duas
1349 3211 1739 3283 narrationes,
1787 3231 1961 3268 unam
2010 3210 2261 3269 similem
2308 3209 2624 3267 Tirechani

385 3301 684 3359 narrantis
728 3298 1058 3358 Patricium
1103 3299 1166 3357 in
1210 3319 1330 3357 una
1377 3319 1448 3356 ex
1493 3299 1709 3360 insulis
1751 3299 1931 3357 maris
1980 3297 2275 3374 Tyrrheni
2324 3299 2405 3356 30
2438 3317 2623 3358 annos

384 3396 805 3448 commoratum
853 3408 976 3448 esse
1025 3387 1305 3462 (Betham
1345 3387 1415 3445 II
1447 3407 1582 3465 app.
1630 3409 1688 3464 p.
1728 3386 1923 3464 XIX)
1970 3393 2031 3446 et
2077 3387 2323 3445 alteram
2372 3387 2623 3447 similem

384 3499 585 3536 eorum
630 3477 866 3550 fabulis,
917 3477 1020 3554 qui
1065 3476 1397 3535 Patricium
1445 3477 1528 3534 30
1577 3495 1761 3534 annos
1808 3497 1939 3534 cum
1988 3475 2287 3536 Germano
2332 3478 2527 3536 fuisse·
2560 3478 2623 3535 111

385 3566 584 3626 Gallia
632 3567 741 3642 (ita
787 3565 953 3643 Oolg.
1001 3565 1094 3639 II,
1157 3567 1228 3624 cf.
1277 3565 1534 3638 Schoell,
1598 3565 1841 3642 Herzog
1885 3565 1961 3623 R.
2007 3565 2079 3623 E.
2133 3567 2231 3638 11,
2278 3587 2335 3642 p.
2385 3567 2510 3624 207
2562 3571 2624 3625 et

384 3657 632 3715 fortasse
687 3658 810 3732 jam
872 3654 1141 3714 Muirchu
1203 3658 1272 3713 cf.
1329 3656 1585 3714 Betham
1633 3655 1701 3712 II
1749 3675 1883 3732 app.
1929 3677 1987 3732 p.
2035 3653 2232 3714 XVII
2279 3675 2409 3713 cum
2456 3677 2513 3733 p.
2562 3655 2621 3732 I)

383 3747 669 3818 referunt,
729 3746 818 3804 ita
873 3743 1205 3820 conjunxit,
1271 3751 1340 3803 ut
1398 3745 1658 3803 medium
1706 3743 1987 3820 quiddam
2034 3749 2235 3802 tenere
2280 3744 2620 3804 videretur?

382 3833 598 3910 Itaque
643 3835 727 3892 nil
775 3835 998 3906 obstat,
1046 3833 1358 3908 quominus
1405 3833 1536 3892 aliis
1583 3833 1775 3892 causis
1819 3833 2009 3908 iisque
2055 3833 2421 3910 gravissimis
2468 3849 2621 3892 com-

384 3923 530 3980 moti
573 3921 930 3982 Windischii
982 3922 1537 3999 interpretationem
1583 3923 1939 3998 rejiciamus,

562 4011 725 4068 Luce
773 4011 926 4070 enim
974 4012 1187 4070 clarius
1236 4018 1325 4070 est
1370 4016 1638 4088 poe'tam,
1688 4031 1819 4068 cum
1867 4011 2093 4070 diceret
2137 4033 2232 4085 ea,
2298 4031 2449 4089 quae
2495 4011 2622 4086 ipse

383 4100 456 4158 de
500 4098 753 4157 Patricii
797 4099 1112 4160 itineribus
1157 4100 1549 4172 narravisset,
1599 4101 1804 4158 eadem
1850 4121 2003 4174 0330,
2054 4121 2205 4178 quae
2252 4100 2475 4176 scripta
2523 4099 2619 4156 de·

385 4190 684 4248 clararent
730 4188 872 4264 (vid.
921 4194 1153 4266 supra),
1223 4209 1575 4268 provocasse
1621 4189 1697 4246 ad
1746 4189 1947 4248 eadem
1993 4190 2125 4268 ipsa
2170 4188 2395 4265 scripta
2440 4193 2621 4264 atque

386 4278 780 4338 Tirechanum
825 4277 1020 4336 verbis
1065 4279 1184 4338 illis
1230 4298 1410 4356 supra
1449 4281 1575 4352 jam
1621 4278 2091 4337 commemoratis
2135 4276 2320 4335 hisce:
2380 4275 2617 4356 naviya-

383 4365 461 4426 vit
509 4412 521 4426 .
554 4412 566 4426 .
601 4412 614 4426 .
651 4386 767 4448 per
815 4360 1044 4426 Gallias
1088 4375 1258 4448 atque
1313 4363 1554 4426 Italiam
1607 4373 1791 4425 totam
1843 4375 2013 4447 atque
2065 4363 2127 4424 in
2180 4362 2378 4426 insolis
2393 4407 2413 4436 ,
2473 4385 2622 4446 quae
