3259 5084
1274 302 1345 311 -
1449 270 1572 327 11'5
1671 302 1744 313 -—-

390 445 687 523 grinandi,
720 467 897 525 quam
928 446 1310 526 praedicandi
1344 446 1638 523 evangelii
1671 467 1846 507 causa
1869 448 1936 506 in·
1949 446 2332 508 Germaniam
2355 450 2626 511 venisse?

392 533 495 594 An
542 535 703 593 dicas
752 536 840 597 St.
874 536 1115 595 Gallum
1160 556 1371 597 revera
1414 535 1712 595 sudoriose
1755 534 2050 597 laborasse
2091 538 2154 598 ἐκ
2188 538 2628 621 praedicatione

391 618 703 705 evanyelii?
746 624 942 704 Atqui
988 632 1141 685 teste
1173 626 1299 684 vita
1345 630 1487 703 ejus,
1534 631 1769 684 centum
1817 628 1993 686 annis
2017 634 2156 705 post
2202 632 2331 704 ejus
2375 637 2636 700 mortem

393 715 729 793 conscripta
788 718 888 789 (cf.
932 716 1230 791 Rettberg
1276 714 1363 789 II,
1424 737 1483 793 p.
1530 716 1660 792 40).
1746 715 1875 776 Nec
1935 715 2134 775 tamen
2196 738 2268 776 ex
2327 718 2431 775 illa
2493 718 2636 797 ipsa·-

388 804 513 864 vita
572 824 693 862 non
766 812 1043 883 apparet,
1106 804 1195 863 St.
1258 803 1499 863 Gallum
1557 804 1761 881 potius
1829 806 2179 864 monachum
2243 808 2622 884 peregrinum

387 893 569 952 fuisse
614 912 791 969 quam
822 895 1169 971 apostolum,
1217 901 1279 954 et
1308 894 1722 971 suspicandum
1771 900 1862 952 est
1893 893 1982 953 St.
2013 892 2270 969 Gallum,
2303 896 2626 956 Columbae

392 983 759 1059 discipulum,
807 983 895 1040 illi
942 983 1283 1043 similiorem
1328 983 1536 1055 fuisse,
1584 1002 1761 1059 quam
1808 984 1968 1042 vitae
2012 984 2172 1043 illius
2227 990 2436 1043 auctor
2480 991 2634 1045 tunc·-

386 1072 671 1149 temporis
710 1074 837 1147 jam
884 1071 1033 1131 scire
1080 1072 1296 1150 potuit.
1359 1072 1443 1130 Et
1488 1072 1816 1131 KilianusR
1865 1072 1968 1133 Nil
2012 1093 2204 1149 paene
2248 1074 2322 1132 de
2367 1091 2438 1133 eo
2485 1094 2623 1133 con·

388 1159 560 1219 stat.1
653 1160 718 1219 Si
778 1160 937 1221 vitae
1007 1164 1133 1237 ejus
1188 1162 1373 1237 (Mab.
1418 1160 1515 1235 11,
1576 1182 1712 1221 ann.
1764 1162 1918 1235 689,
1977 1179 2036 1240 p.
2085 1162 2215 1220 992
2263 1184 2310 1221 c.
2361 1164 2398 1221 3
2447 1162 2510 1221 et
2552 1164 2632 1241 4)·

384 1246 531 1309 fides
575 1250 785 1309 haberi
851 1256 1075 1329 posset,
1136 1250 1305 1309 nobis
1363 1250 1696 1328 putandum
1761 1257 1942 1324 esset,
2005 1270 2138 1309 eum
2183 1252 2437 1319 Romam
2477 1272 2634 1331 pro-1

384 1340 603 1397 fectum
650 1339 727 1398 ab
784 1340 1057 1417 episcopo
1104 1338 1374 1399 Romano
1432 1336 1718 1399 &Scantiam
1770 1339 2168 1419 praedicandi
2218 1341 2460 1417 petiise‚
2489 1342 2634 1401 sed'

384 1428 588 1488 fictum
633 1430 747 1487 hoc
790 1448 919 1487 esse
963 1430 1089 1487 fere
1134 1448 1336 1488 omnes
1370 1429 1698 1507 evangel-ici
1729 1428 2124 1488 consentiunt.
2185 1430 2342 1490 Nam
2389 1452 2460 1490 ea
2487 1431 2624 1509 ipsa

385 1538 451 1577 re
498 1516 663 1577 Scoti
710 1515 1080 1594 evangelium
1134 1518 1547 1596 praedicantes
1602 1518 1680 1575 ab
1725 1515 1944 1593 Anglis
1999 1516 2222 1576 diversi
2275 1518 2454 1578 fuisse
2507 1538 2618 1597 pu·

382 1613 619 1679 tantur,
682 1608 841 1684 quod
899 1606 1151 1665 Romam
1213 1608 1377 1666 adire
1438 1607 1792 1677 omiserunt,
1852 1610 2172 1682 antequam
2231 1626 2380 1683 opus
2448 1625 2621 1667 suum

382 1695 730 1774 inciperent.
792 1694 911 1755 Sed
967 1696 1127 1755 haud
1173 1697 1293 1755 scio
1339 1717 1418 1753 >an
1463 1695 1537 1752 de
1582 1701 1713 1753 tota
1758 1694 1868 1752 hac
1913 1714 1978 1752 re
2023 1692 2204 1753 aliter
2247 1696 2621 1755 sentiendum

384 1786 477 1845 sit.
555 1785 854 1863 Equidem
898 1785 1045 1843 mihi
1090 1783 1359 1862 persuasi
1404 1785 1584 1841 etiam
1633 1804 1702 1841 ea
1749 1782 1822 1840 de
1867 1802 2044 1841 causa
2089 1784 2162 1841 de
2209 1782 2404 1844 Sentis
2449 1803 2629 1863 prae--

382 1874 669 1933 dicaturis
698 1874 951 1931 Romam
981 1871 1357 1931 venientibus
1388 1872 1704 1931 memoriae
1751 1871 1901 1930 nihil
1947 1872 2096 1931 certi
2119 1872 2442 1950 proditum
2475 1872 2632 1947 esser

386 1962 527 2038 quia
572 1960 661 2018 illi
707 1961 897 2035 magis
942 1958 1380 2037 peregriuaturi
1442 1979 1619 2037 quam
1673 1960 2080 2037 praedica-turi
2123 1961 2187 2020 in
2233 1960 2615 2024 Germaniam

382 2049 719 2109 veniebant.
812 2048 1039 2122 Quodsi
1094 2046 1375 2107 Kilianus
1434 2047 1625 2125 magis
1683 2048 2068 2126 praedicandi
2128 2070 2304 2127 quam
2349 2052 2612 2129 peregri-

382 2136 563 2197 nandi
610 2134 807 2196 studio
854 2144 1181 2199 commotus
1224 2139 1287 2196 in
1335 2136 1718 2197 Germaniam
1764 2140 1995 2199 venerit
2011 2182 2026 2211 ,
2086 2139 2242 2199 haud
2291 2140 2472 2199 sciam
2535 2162 2630 2212 an·

378 2227 630 2285 Romam
656 2246 661 2251 ·
676 2228 977 2305 profectus
1023 2227 1119 2287 sit.
1194 2224 1363 2288 'Nam
1408 2224 1539 2287 cum
1588 2227 1880 2287 Columba
1925 2228 2320 2289 Luxoviensis
2379 2236 2441 2289 et
2484 2230 2614 2308 ipse

378 2316 629 2375 Romam
690 2316 855 2375 adire
914 2316 1169 2395 cupierit
1228 2323 1289 2375 et
1346 2318 1521 2395 papis
1576 2323 1934 2395 potestatem
1999 2319 2346 2377 attribuerit
2415 2318 2630 2377 omnia·

377 2403 714 2477 ordinandi,
764 2402 973 2465 bellum
1016 2405 1371 2477 instituendi,
1408 2406 1592 2466 duces
1622 2405 1914 2465 excitandi
1942 2450 1954 2463 .
1986 2447 2003 2463 .
2033 2448 2050 2464 .
2079 2404 2264 2465 aciem
2290 2402 2628 2466 immersti·

376 2497 492 2573 (ep.
543 2493 601 2566 4,
654 2495 725 2553 cf.
772 2514 952 2573 supra
997 2516 1055 2571 p.
1104 2497 1235 2571 97),
1280 2494 1453 2553 nobis
1498 2513 1618 2551 non
1664 2493 1804 2552 licet
1857 2494 2053 2551 dicere
2099 2493 2308 2554 Scotos
2354 2495 2612 2553 solitos

375 2603 527 2641 esse
572 2582 824 2640 Romam
871 2602 989 2640 non
1036 2583 1351 2660 proficisci,
1408 2581 1761 2659 praesertim
1816 2601 1948 2639 cum
2007 2582 2358 2655 nesciamus,
2413 2602 2627 2641 nonne⁴

372 2671 655 2730 Kilianus
700 2678 763 2730 et
806 2671 911 2729 alii
955 2671 1019 2729 in
1062 2670 1312 2729 australi
1343 2670 1672 2729 Hiberniae
1717 2675 1888 2746 parte
1935 2671 2064 2730 nati
2108 2670 2348 2729 fuerint.
2425 2672 2608 2730 Certo

372 2780 489 2819 non
550 2760 859 2833 habemus,
920 2761 1078 2836 quod
1137 2767 1413 2837 putemus
1472 2758 1867 2831 Bonifatium,
1927 2759 1978 2817 si
2039 2778 2188 2836 quos
2249 2760 2458 2819 Scotos
2517 2760 2626 2819 in·-⁴

371 2850 605 2909 venerit
647 2849 857 2909 mediis
900 2850 963 2907 in
1008 2850 1259 2927 paganis
1312 2854 1650 2921 versantes,
1711 2868 1912 2906 eorum
1973 2849 2194 2907 auxilio
2253 2850 2316 2908 in
2375 2850 2626 2927 praedi-·
2715 2928 2720 2932 .

372 2940 559 2998 cando
604 2938 913 3015 evangelio
960 2940 1052 2998 uti
1096 2958 1215 2997 non
1261 2938 1525 3017 potuisse
1570 2945 1820 3017 propter
1860 2957 2087 2997 morum
2120 2939 2213 2997 vel
2243 2938 2388 2998 fidei.
2411 2939 2606 3000 diver-

371 3029 607 3087 sitatem
653 3028 764 3100 vel,
814 3028 953 3105 quia
1001 3029 1308 3107 episcopos
1337 3028 1640 3087 Romanos
1686 3047 1760 3085 ne
1799 3026 1993 3085 dicam
2023 3026 2399 3105 despicerent
2446 3034 2608 3086 certe

370 3116 615 3174 minoris
661 3118 1060 3177 aestimarent.
1152 3115 1272 3175 Sed
1318 3116 1556 3175 omnino
1602 3116 1676 3174 de
1709 3114 1906 3175 Scotis
1951 3116 2321 3191 evangelium
2368 3114 2602 3193 praedia

370 3205 643 3265 cantibus
688 3211 927 3282 praeter
958 3228 1041 3279 ea,
1076 3227 1226 3282 quae
1258 3204 1856 3275 commemoravimus,
1903 3224 2012 3281 pro
2043 3210 2202 3262 certo
2234 3206 2319 3262 nil
2351 3212 2604 3265 constat.

368 3292 577 3371 Neque
623 3298 823 3370 potest
868 3293 1150 3367 dubitari,
1197 3294 1343 3371 quin
1389 3296 1579 3369 major
1621 3313 1765 3370 pars
1811 3290 2150 3365 Scotorum,
2207 3293 2348 3369 quia
2393 3294 2605 3353 mediis

367 3382 429 3439 in
488 3382 739 3461 paganis
792 3382 892 3456 „in
954 3382 1204 3441 desertis
1266 3382 1505 3442 sedere<“
1574 3401 1695 3439 non
1754 3388 2060 3459 poterant,
2122 3383 2274 3441 tales
2331 3384 2622 3460 regiones·

366 3471 625 3549 petierit,
674 3492 825 3547 quae
870 3472 1255 3531 christianam
1301 3470 1477 3530 fidem
1518 3473 1646 3547 jam
1691 3478 2107 3549 susceperant·
2181 3471 2398 3549 Itaque
2443 3490 2618 3531 nunc*

366 3560 439 3619 de
486 3562 558 3620 iis
590 3560 901 3621 dicendum
950 3568 1055 3635 est,
1104 3562 1207 3639 qui
1238 3562 1392 3621 sicut
1420 3560 1548 3638 ipse
1578 3559 1872 3619 Columba
1917 3560 1980 3617 in
2011 3580 2200 3634 regno
2233 3560 2602 3620 Francorum

365 3652 701 3707 manebant.

544 3738 677 3811 Qua
736 3738 799 3796 in
858 3760 925 3797 re
986 3742 1061 3799 ab
1108 3740 1239 3817 ipso
1286 3740 1574 3799 Columba
1637 3757 1767 3797 cum
1829 3736 2134 3797 Bonifatio
2199 3740 2598 3817 comparando

367 3828 670 3886 exordium
706 3827 1023 3905 capiamus.
1084 3828 1419 3905 Utrumque
1448 3828 1729 3887 ecclesiae
1762 3826 2108 3885 Gallicanae
2149 3834 2372 3887 statum
2404 3848 2597 3887 emen-

508 4020 528 4051 1
568 4018 651 4071 cf.
675 4018 1073 4083 wattenbach,
1103 4018 1664 4088 Gesehichtsquellen
1692 4018 1740 4082 I,
1769 4036 1822 4088 p.
1848 4018 1950 4073 103
1987 4022 2104 4072 not.
2131 4018 2162 4070 2
2201 4022 2258 4071 et
2281 4012 2607 4082 Diimmler,

361 4088 763 4159 Forschungen
789 4107 889 4142 zur
914 4090 1227 4143 deutschen
1252 4089 1595 4144 Gesehichte
1620 4089 1726 4155 VI,
1753 4108 1809 4157 p.
1835 4091 1938 4145 116
1965 4108 2084 4159 sqq.
2130 4088 2594 4143 Vetustissimum

362 4167 565 4226 autem,
608 4160 759 4229 quod
784 4165 983 4229 exstat,
1012 4162 1085 4215 de
1104 4161 1333 4215 Kiliano
1360 4160 1745 4214 testimonium
1771 4166 2071 4229 utrumque
2098 4160 2269 4229 fugit3
2308 4158 2596 4213 invenitur

364 4233 512 4286 enim
551 4230 772 4288 Kiliani
809 4250 1012 4287 nomen
1051 4233 1110 4286 in
1147 4232 1502 4285 Kalendario
1528 4230 1730 4285 Karoli
1755 4230 1964 4302 Magni,
2007 4230 2158 4299 quod
2198 4247 2477 4283 annexum
2505 4236 2593 4283 est

363 4304 669 4358 clarissimo
706 4302 797 4357 illi
834 4303 1131 4371 evangelio
1170 4302 1536 4357 Godesscalci
1574 4315 1721 4355 anno
1760 4302 1860 4357 781
1906 4302 2246 4367 conscriptae,
2289 4300 2357 4353 cf.
2398 4298 2590 4369 Piper,

361 4374 531 4429 Karls
572 4374 667 4428 des
708 4372 957 4429 Grossen
993 4374 1402 4428 Kalendarium
1440 4376 1555 4427 und
1600 4373 1928 4427 Ostertafel.
1953 4402 2015 4413 --
2045 4372 2199 4425 1858.
2241 4389 2296 4441 p.
2323 4372 2410 4426 26.

2089 4460 2162 4513 8*
