3259 5084
1276 306 1707 363 „83-

371 485 533 566 siyno
565 483 916 565 penitentiae
960 502 1136 565 usque
1180 482 1263 543 ad
1306 492 1577 553 mom-tem,
1639 480 1786 542 nihil
1835 502 1945 542 sua
1997 482 2284 545 volunt-ate
2321 484 2606 567 faeimtes

372 574 941 650 (Wasserschleben,
988 572 1070 631 Ir.
1118 572 1264 631 Gan.
1309 592 1367 649 p.
1417 572 1497 629 36
1547 592 1634 649 sq.
1701 606 1778 617 --
1843 573 1912 630 cf.
1961 571 2194 633 Tirech.
2241 581 2442 633 annot.
2489 574 2603 633 Be-

368 662 533 721 tham
578 662 665 736 II,
711 681 844 741 app.
891 683 949 740 p.
994 660 1257 719 XXIX.
1304 668 1367 719 ut
1408 680 1527 719 ‘non
1562 669 1830 743 peccaret
1872 659 2004 720 sub
2017 661 2257 741 yradu).

546 752 738 810 Iidem
785 770 1037 810 canones
1081 756 1319 829 praesto
1366 756 1507 809 sunt
1568 750 1645 808 ad
1691 750 2213 809 demonstrandum
2265 757 2606 811 sanctorum

369 848 430 900 et
474 842 859 919 reliquiarum
905 841 1127 900 cultum
1168 840 1325 917 apud
1358 837 1566 898 Scotos
1598 858 1719 897 non
1749 840 2084 917 neglectum
2117 840 2243 915 (lib.
2273 840 2509 913 XLIV,
2544 842 2602 914 8,

366 952 425 1008 p.
458 930 631 1007 203).
720 930 807 989 Et
854 930 949 988 cui
994 929 1182 989 levius
1227 928 1488 996 videtur.
1513 948 1639 987 esse
1685 928 1796 987 hoc
1841 928 2262 1003 testimonium,
2307 930 2470 1006 legat
2517 965 2602 974 -

364 1024 433 1078 ut
477 1020 625 1078 alios
671 1018 873 1077 Bedae
920 1019 1077 1077 locos
1124 1018 1395 1077 omittam
1440 1052 1529 1061 —-
1576 1036 1728 1095 quae
1783 1017 2173 1077 inveniuntur
2230 1018 2292 1076 in
2347 1019 2618 1096 epistula⁸

365 1109 485 1181 illa,
534 1127 711 1185 quam
742 1108 1084 1166 Vitalianus
1124 1126 1283 1184 papa
1311 1106 1513 1183 paullo
1543 1111 1682 1187 post
1725 1106 2014 1183 synodum
2045 1105 2600 1166 Strenaeshalchen·

364 1192 487 1257 sem
544 1198 674 1274 regi
720 1196 903 1257 Osviu
969 1196 1209 1272 scripsit
1256 1196 1336 1271 (h.
1378 1216 1426 1253 e.
1471 1195 1527 1267 3,
1578 1196 1678 1268 29,
1743 1196 1777 1273 ξ
1826 1196 1999 1272 248).
2089 1195 2248 1255 Num
2296 1196 2605 1274 episcopus

362 1286 668 1344 Romanus
723 1287 850 1363 regi
902 1282 1181 1365 reliquias
1233 1282 1532 1343 beatorum
1583 1280 1982 1365 apostolorum
2023 1280 2191 1344 Petri
2231 1293 2283 1343 et
2326 1281 2512 1344 Pauli
2553 1293 2604 1344 et

362 1382 695 1433 sanctorum
739 1382 1070 1455 martyrum
1114 1368 1445 1443 Laurentii,
1494 1368 1789 1433 Johannis
1833 1382 1885 1431 et
1912 1369 2096 1432 Pauli
2137 1382 2190 1433 et
2237 1368 2510 1453 Greqorii
2551 1382 2604 1433 et

360 1460 674 1523 Pauor-atii
730 1463 1208 1534 transmississet,
1280 1462 1398 1520 nisi
1458 1462 1762 1539 cognitum
1824 1462 2129 1521 habuisset
2189 1464 2347 1540 apud
2400 1484 2600 1541 regem

360 1560 597 1613 sanctos
642 1572 944 1630 nunquam
991 1550 1247 1611 caruisse
1291 1550 1656 1610 honoribus?

538 1642 766 1716 Nonne,
813 1648 881 1701 ut
927 1640 1157 1700 omissis
1204 1640 1449 1717 singulis
1494 1640 1557 1697 in
1601 1640 1943 1699 universum
1987 1639 2200 1716 loquar
2246 1639 2318 1697 de
2350 1640 2598 1713 ratione,

361 1750 512 1807 quae
557 1731 959 1791 intercesserit
1002 1731 1161 1789 inter
1190 1728 1467 1787 ecclesias
1500 1727 1810 1787 Scotorum
1845 1734 1906 1787 et
1935 1726 2356 1800 Romanorum,
2403 1748 2598 1787 nonne

358 1820 512 1879 sicut
556 1840 676 1879 una
721 1822 866 1879 haec
912 1820 1170 1897 epistula
1210 1818 1445 1876 omnino
1492 1816 1556 1873 id
1598 1817 1812 1895 ipsum,
1861 1817 2020 1894 quod
2053 1817 2298 1875 ecclesia
2325 1817 2596 1877 Nordan·

355 1907 740 1985 hymbrorum
802 1927 933 1965 eum
980 1907 1252 1964 Romana
1313 1911 1437 1963 tam
1496 1904 1670 1963 facile
1730 1905 1792 1963 in
1853 1925 2036 1963 unum
2092 1926 2305 1983 corpus
2363 1906 2599 1979 coaluit,

358 1996 633 2073 impedit,
706 1995 1018 2070 quominus
1076 1995 1251 2069 longe
1312 1994 1573 2053 diversas
1629 1999 1910 2073 putemus
1968 1994 2238 2055 ecelesias
2285 1994 2598 2054 Scotorum

291 2090 295 2093 “
360 2087 421 2139 et
478 2080 925 2143 Romanorum?
1004 2081 1123 2141 Sed
1187 2083 1387 2161 paullo
1456 2082 1766 2142 verbosius
1834 2083 1907 2143 de
1974 2083 2086 2141 hac
2153 2103 2219 2142 re
2287 2083 2598 2162 disputan·

356 2169 495 2229 dum
542 2178 649 2230 est.

532 2260 707 2319 Inter
766 2244 967 2319 omnes
1025 2266 1261 2319 constat
1320 2258 1678 2337 Gregorium
1736 2261 2017 2338 Magnum
2077 2282 2231 2321 anno
2287 2261 2412 2319 597
2462 2263 2593 2320 Au-

350 2349 655 2426 gustinum
701 2349 1040 2428 episcopum
1078 2350 1147 2407 'in
1194 2348 1573 2409 Britanniam
1618 2349 1870 2422 misisse,
1929 2356 2000 2409 ut
2044 2349 2381 2426 Anglorum
2425 2351 2593 2425 genti

350 2438 596 2497 verbum
645 2438 741 2497 dei
784 2438 1176 2518 praedicaret.
1268 2438 1576 2511 Quomodo
1634 2439 1746 2497 hoc
1801 2440 2024 2496 factum
2055 2438 2160 2496 ¹sit
2205 2443 2266 2495 et
2312 2457 2464 2512 quae
2509 2438 2593 2495 ab

348 2524 690 2603 Augustino
753 2536 813 2585 et
872 2528 1045 2586 sociis
1106 2534 1273 2603 gesta
1335 2527 1481 2597 sint,
1560 2526 1909 2601 singillatim
1982 2546 2256 2584 enarrare
2317 2531 2588 2584 nostrum

348 2635 468 2674 non
514 2621 620 2673 est.
712 2614 872 2675 Satis
926 2615 1009 2673 sit
1052 2631 1537 2672 commemorasse
1583 2613 2044 2673 Cantuariorum
2089 2620 2149 2672 et
2195 2613 2588 2673 Orientalium
2630 2632 2638 2638 ’

348 2703 685 2781 Anglorum
738 2710 946 2780 gentes
1000 2702 1343 2761 auctoribus
1395 2702 1684 2761 Romanis
1727 2703 2032 2762 transiisse
2079 2704 2156 2761 ad
2204 2703 2586 2767 christianam

347 2792 551 2866 fidem,
613 2794 899 2870 sedesque
944 2792 1307 2869 episcopales
1362 2812 1487 2850 esse
1533 2792 1886 2851 constitutas
1931 2792 1995 2850 in
2040 2790 2384 2852 ‘Cantuariis
2431 2790 2584 2851 Oan-

346 2888 682 2941 tuarensem
746 2883 928 2958 (597)
991 2888 1052 2940 et
1110 2880 1450 2940 Roffensem
1512 2881 1714 2959 (604),
1781 2880 1850 2953 in
1908 2880 2310 2941 Orientalibus
2364 2881 2592 2959 Anglis

346 2971 797 3031 Dunwicensem
844 2972 1043 3048 (631).
1126 2970 1362 3047 Itaque,
1411 2990 1543 3030 cum
1588 2990 1661 3028 ex
1705 2968 2245 3047 Nordanhymbria,
2289 2978 2360 3029 ut
2403 2991 2584 3048 supra

332 3056 465 3132 'jam
510 3060 783 3133 vidimus,
830 3060 1119 3118 Paulinus
1149 3058 1478 3136 Augustini
1524 3059 1715 3119 socius
1745 3065 1824 3119 ‘et
1869 3080 1942 3117 ex
1973 3058 2365 3119 Orientalium
2397 3058 2580 3117 Saxo-

345 3166 486 3203 num
530 3148 769 3222 regione
814 3148 1101 3219 Melittus,
1161 3148 1449 3206 Lundinii
1508 3148 1868 3207 constitutus
1917 3148 2097 3224 (604)
2152 3148 2485 3225 episcopus,
2547 3166 2582 3204 a

344 3234 593 3311 paganis
638 3235 795 3312 pulsi
841 3242 1052 3306 essent,
1100 3255 1253 3293 anno
1304 3237 1451 3313 664,
1502 3256 1618 3312 quo
1667 3236 1922 3313 synodus
1969 3235 2586 3295 Strenaeshalchensis

341 3322 547 3382 habita
566 3366 573 3373 ·
592 3328 700 3397 est,
747 3323 1253 3383 cantuarensibus
1298 3324 1450 3382 duae
1495 3324 1837 3401 provinciae
1883 3324 2161 3383 subditae
2209 3332 2403 3397 erant,
2451 3324 2580 3402 ipsa

342 3411 665 3471 Cantuaria
726 3418 786 3471 et
845 3412 1237 3475 Orientalium
1282 3411 1621 3489 Anglorum
1675 3414 1866 3489 regio,
1935 3420 2248 3491 praeterea
2295 3413 2576 3473 Occiden-

336 3503 487 3561 tales
534 3500 799 3561 Saxones
853 3522 1009 3561 anno
1058 3502 1187 3560 634
1242 3501 1419 3561 fidem
1480 3508 1864 3579 susceperant
1922 3503 2306 3580 praedicante
2366 3502 2578 3561 Birino

339 3611 469 3649 cum
517 3591 760 3651 consilio
806 3591 1063 3650 Honorii
1108 3610 1299 3669 papae
1345 3592 1407 3650 in
1452 3590 1828 3651 Britanniam
1887 3593 2152 3668 profecto
2213 3594 2316 3651 sed
2369 3593 2575 3663 libero,

335 3687 406 3740 ut
462 3679 703 3740 videtur
752 3682 861 3756 '(cf.
907 3680 1145 3757 Bright,
1206 3702 1265 3760 p.
1320 3681 1497 3758 149),
1561 3702 1597 3740 a
1659 3679 2087 3759 Cantuarensis·
2145 3681 2576 3759 archiepiscopi

329 3770 741 3847 jurisdictione
806 3769 999 3846 (Beda
1043 3770 1100 3827 h.
1148 3788 1197 3827 e.
1247 3771 1304 3843 3,
1362 3774 1418 3843 7,
1468 3770 1502 3846 ξ
1556 3771 1682 3828 167
1729 3772 1901 3847 sqq.).
1994 3770 2221 3830 Contra
2283 3792 2317 3829 a
2379 3770 2576 3830 Scotis

334 3859 509 3917 fidem
533 3850 860 3937 'suscepisse
890 3859 1147 3917 vidimus
1176 3864 1300 3917 tres
1330 3859 1666 3936 provincias
1713 3878 2032 3936 earumque
2079 3860 2226 3918 duas
2269 3860 2572 3931 maximaS,

333 3949 391 4009 N
393 3946 913 4022 ordanhymbriam
959 3955 1021 4007 et
1073 3947 1357 4006 Merciam
1427 3968 1557 4006 cum
1615 3948 2044 4025 Middilanglis,
2116 3956 2178 4009 et
2237 3948 2579 4007 Orientales.

322 4034 616 4097 Saxones.
724 4034 1055 4113 Septimum
1115 4036 1369 4112 denique
1429 4035 1806 4096 Australium
1867 4037 2166 4097 Saxonum
2228 4056 2475 4112 regnum
2536 4054 2572 4091 a

335 4126 657 4185 christiana
721 4124 994 4183 doctrina
1054 4126 1289 4183 omnino
1352 4124 1546 4183 aliena
1606 4127 1908 4199 manebat,
1976 4128 2160 4185 donec
2221 4144 2374 4182 anno
2439 4124 2560 4181 681

330 4216 647 4274 Wilfridus
692 4214 940 4272 verbum
987 4214 1085 4272 dei
1130 4215 1214 4273 eis
1259 4213 1648 4292 praedicavit.
1738 4215 1957 4292 Itaque
2016 4220 2146 4273 tota
2200 4222 2390 4289 paene·
2431 4211 2568 4269 Bri·

333 4306 567 4379 tannia,
632 4302 827 4381 quoad
872 4303 948 4361 ab
995 4302 1561 4380 Anglo-Saxonibus
1607 4311 1897 4381 occupata
1944 4308 2073 4361 erat
2089 4346 2102 4373 ,
2157 4301 2315 4359 inter
2358 4300 2571 4360 Scotos

334 4400 396 4453 et
425 4394 726 4453 Romanos
772 4392 965 4453 divisa
1011 4398 1154 4466 erat,
1204 4393 1306 4450 sed
1351 4393 1455 4465 ita,
1500 4398 1570 4449 ut
1614 4395 1806 4467 major
1849 4410 1988 4468 pars
2036 4397 2190 4449 esset
2236 4390 2572 4450 Scotorum.

2067 4492 2140 4546 6*
