3259 5084
1275 262 1711 322 -51-..

375 445 604 516 baram,
675 460 826 519 quae
885 443 1182 502 Hibernia
1251 465 1368 502 non
1434 464 1558 504 esse
1627 456 1749 504 non¹
1819 450 2036 523 potest.
2126 430 2291 522 Ergo
2353 452 2413 505 et
2473 445 2617 504 haec

375 533 577 612 opinio
625 532 944 608 rejicienda
990 538 1095 590 est.

552 621 714 694 >Quid
776 621 1004 681 restat?
1077 621 1345 679 Tertium
1408 629 1522 695 est,
1584 628 1653 680 ut
1715 628 1992 699 putemus
2053 629 2113 680 et
2157 622 2497 682 Palladium
2557 631 2618 682 et

375 711 704 769 Patricium
749 712 812 769 in
844 711 1138 769 Hibernia
1169 710 1416 770 verbum
1455 710 1550 768 dei
1595 711 1983 788 praedicasse.
2059 711 2149 770 At
2192 713 2349 770 unde
2395 714 2617 771 factum

377 806 490 872 est,
553 807 622 859 ut
683 801 869 860 omnis
928 799 1190 858 Palladii
1250 801 1531 858 memoria
1585 800 1746 878 apud
1801 799 2011 859 Scotos
2067 801 2481 861 evanesceret?
2550 807 2620 861 ut

375 887 675 948 Patricius
705 889 964 947 Palladii
995 889 1355 948 mentionem
1402 909 1521 947 non
1567 889 1831 948 faceret?
1878 888 1997 948 Sed
2042 889 2153 948 hoc
2198 890 2452 949 alterum
2500 911 2618 949 non

375 996 671 1055 premam,
735 979 876 1053 quia
933 977 1232 1036 Patricius
1291 978 1526 1036 omnino
1583 979 1885 1036 hominum
1940 979 2181 1036 nomina
2226 999 2344 1036 non
2388 981 2619 1057 profert

379 1067 520 1142 (vid.
555 1087 712 1144 supr.
745 1088 802 1144 Ρ.
839 1066 973 1144 48).
1065 1067 1372 1140 Quomodo
1421 1087 1562 1126 vero
1609 1069 1831 1126 factum
1878 1071 1991 1139 est,
2054 1073 2123 1126 ut
2167 1069 2499 1146 Prosperus
2547 1068 2619 1125 de

377 1155 642 1214 Patricio
691 1156 774 1212 nil
823 1155 1100 1214 audiret?
1148 1154 1214 1214 Si
1260 1157 1321 1213 in
1353 1156 1535 1214 Italia
1580 1157 1699 1215 fuit
1730 1155 2044 1229 Patricius,
2092 1159 2360 1234 profecto
2407 1158 2621 1217 mirum

379 1251 484 1318 est,
535 1245 693 1320 quod
739 1244 1070 1321 Prosperus
1117 1245 1188 1302 de
1238 1265 1306 1302 eo
1353 1246 1538 1304 verba
1586 1265 1704 1303 non
1751 1245 1908 1302 fecit.
2001 1244 2086 1304 Iis
2133 1254 2356 1319 autem,
2405 1247 2621 1322 quibus

376 1336 530 1392 forte
578 1335 640 1391 in
685 1334 983 1410 prioribus
1038 1334 1296 1392 nondum
1351 1335 1773 1412 persuaserim,
1834 1333 2100 1393 Patricio
2158 1356 2289 1394 cum
2335 1335 2621 1393 Romanis

378 1423 637 1498 aliquam
699 1423 1178 1482 consuetudinem
1238 1423 1444 1496 fuisse,
1490 1424 1763 1482 ultimam
1823 1444 1893 1480 ac
1958 1443 2291 1500 supremam
2353 1442 2621 1502 propono

380 1511 810 1588 quaestionem,
857 1512 1149 1588 quomodo
1197 1513 1420 1571 factum
1465 1514 1570 1585 sit,
1618 1519 1688 1570 ut
1734 1513 1927 1584 Beda,
1991 1512 2085 1570 cui
2132 1514 2319 1572 multa
2362 1514 2437 1570 de
2483 1513 2621 1572 Sco-

378 1607 574 1659 torum
623 1601 866 1660 ecclesia
912 1607 1054 1659 nota
1101 1606 1298 1674 erant,
1362 1602 1464 1678 qui
1520 1601 1637 1659 alia
1691 1601 1917 1661 leviora
1980 1601 2251 1660 audierat
2296 1603 2372 1660 ab
2420 1602 2622 1660 amicis

377 1690 654 1766 Egberti,
723 1691 826 1766 qui
887 1688 1102 1748 diutius
1154 1689 1218 1748 in
1263 1687 1555 1750 Hibernia
1610 1708 1725 1771 pro
1774 1686 2007 1749 Christo
2062 1687 2397 1750 exalaverat
2442 1691 2525 1766 (h.
2573 1711 2621 1748 e.

382 1780 438 1851 3,
483 1779 540 1836 4.
587 1780 622 1856 ξ
670 1780 825 1851 161;
875 1779 931 1852 5,
978 1781 1032 1835 9.
1080 1781 1115 1856 ξ
1159 1780 1284 1837 376
1329 1782 1484 1855 sqq.)
1541 1780 1612 1837 de
1670 1779 1933 1838 Patricio
1995 1778 2081 1836 nil
2142 1779 2377 1837 dixerit.
2465 1781 2623 1839 Num

381 1867 662 1925 credibile
720 1874 809 1926 est
869 1867 1113 1940 Bedam,
1176 1867 1625 1943 investigandae
1682 1868 2061 1944 antiquitatis
2109 1868 2623 1940 studiosissimum,

381 1975 683 2030 nunquam
755 1957 830 2013 ab
892 1957 990 2026 iis,
1063 1956 1165 2031 qui
1232 1955 1514 2033 permulti
1584 1963 1727 2014 tunc
1793 1977 1865 2013 ex
1927 1955 2154 2031 Anglia
2214 1955 2299 2016 ad
2356 1953 2627 2037 leyendas

387 2041 710 2120 sc‘m'pturas
755 2063 956 2102 sacras
1002 2044 1060 2100 in
1111 2044 1467 2103 Hiberniam
1514 2045 2041 2122 transmigrabant,
2090 2045 2387 2104 audivisse
2420 2045 2627 2105 Scotos

385 2133 651 2189 venerari
705 2132 1031 2190 Patricium
1087 2133 1344 2210 primum
1401 2133 1733 2191 Hiberniae
1787 2134 2169 2210 episcopum?
2237 2135 2403 2211 Ergo
2462 2135 2627 2194 Beda

381 2225 485 2276 aut
545 2221 617 2277 de
678 2219 970 2293 Patrici0,
1034 2227 1244 2298 utpote
1307 2243 1423 2278 non
1481 2211 1518 2279 a
1577 2223 1867 2282 Romanis
1926 2223 2129 2296 misSO‚
2194 2226 2375 2282 verba
2435 2225 2628 2283 facere

381 2308 576 2366 noluit
623 2309 900 2384 (Schoell,
947 2309 1191 2386 Herzog
1220 2311 1294 2368 R.
1339 2310 1410 2371 E.
1451 2313 1547 2384 11,
1595 2334 1652 2389 p.
1688 2313 1860 2388 209),
1917 2347 1991 2355 —
2045 2313 2205 2388 quod
2249 2319 2463 2390 putare
2508 2333 2628 2371 non

381 2398 520 2455 licet
555 2404 614 2455 et
651 2399 792 2474 quia
826 2398 992 2456 Beda
1025 2419 1140 2457 non
1187 2400 1239 2456 is
1286 2405 1391 2471 est,
1441 2401 1534 2458 cui
1580 2401 1693 2459 hoc
1741 2402 2064 2479 opprobrio
2112 2401 2331 2472 demus,
2380 2409 2441 2459 et
2488 2401 2627 2477 quia

384 2487 704 2544 absurdum
753 2493 843 2545 est
888 2509 995 2564 per
1041 2507 1119 2560 se,
1168 2489 1308 2562 quia
1349 2487 1645 2548 Patricius
1690 2490 1831 2548 licet
1874 2489 2100 2546 nullam
2144 2488 2451 2548 habuisset
2498 2507 2629 2546 cum

382 2574 669 2634 Romanis
717 2576 1225 2647 consuetudinem,
1287 2582 1486 2634 tamen
1541 2599 1576 2634 a
1632 2577 1919 2634 Romanis
1976 2581 2137 2634 certo
2194 2578 2355 2634 nulla
2402 2597 2465 2634 re
2512 2577 2627 2635 dis·

385 2665 683 2722 sentiebat
748 2699 818 2706 —
839 2709 852 2736 ‚
923 2670 1028 2723 aut
1089 2664 1244 2722 sicut
1303 2665 1572 2721 nonnulli
1636 2665 1899 2740 ejusdem
1960 2665 2245 2740 temporis
2307 2665 2473 2724 Scoti
2533 2667 2629 2741 (cf.

385 2773 564 2829 supra
609 2775 666 2830 p.
717 2752 828 2830 43)
875 2753 1206 2812 Patricium
1254 2753 1504 2810 eundem
1559 2775 1685 2812 esse
1741 2759 1922 2829 atque
1968 2753 2304 2812 Palladium
2352 2755 2630 2832 opinatus

387 2846 493 2900 est.
585 2842 720 2900 Hac
766 2842 1020 2918 denique

567 2936 780 3006 quarta
858 2931 1088 2990 ratione
1163 2931 1312 2989 solvi
1387 2952 1557 3008 posse
1644 2939 1907 2991 nostram
1988 2932 2394 3008 quaestionem
2470 2933 2630 3008 equi-

281 3035 294 3042 ·
387 3019 518 3076 dem
589 3040 930 3096 persuasum
1014 3021 1159 3077 mihi
1237 3021 1443 3079 habeo.
1565 3021 1741 3094 Quod
1812 3021 1915 3097 qui
1992 3021 2219 3097 primus
2299 3021 2632 3097 suspicatus

387 3115 494 3179 est,
543 3105 867 3166 Schoellius
914 3108 1077 3184 (diss.
1123 3129 1179 3185 p.
1230 3111 1356 3184 77),
1405 3115 1614 3186 postea
1662 3111 1944 3186 (Herzog,
1990 3110 2065 3168 R.
2110 3109 2182 3167 E.
2238 3110 2337 3181 11,
2382 3131 2441 3186 p.
2476 3110 2631 3186 209)

387 3197 540 3254 hanc
601 3197 936 3273 opinionem
1017 3197 1308 3275 deposuit.
1417 3189 1590 3256 Unde
1670 3199 1850 3257 nolim
1932 3199 2175 3274 colligas
2254 3198 2632 3255 immaturam

389 3305 514 3343 esse
573 3305 717 3343 eam.
808 3285 904 3342 Ex
965 3286 1260 3344 contrario
1333 3287 1534 3344 multis
1605 3287 1970 3363 argumentis
2034 3286 2372 3344 confirmari
2416 3291 2632 3364 potest.

387 3375 573 3434 Nam.
604 3375 797 3451 primo
863 3375 1019 3452 quod
1079 3381 1138 3432 et
1191 3373 1528 3434 Palladium
1590 3382 1651 3434 et
1705 3374 2037 3434 Patricium
2095 3375 2339 3432 ineunte
2400 3377 2633 3434 saeculo

391 3464 599 3540 quinto
647 3465 708 3520 in
750 3464 1106 3531 Hiberniam
1154 3464 1384 3522 venisse
1431 3464 1712 3522 credibile
1760 3484 1877 3522 non
1916 3471 2017 3523 'est
2057 3465 2154 3540 (cf.
2187 3485 2367 3542 supra
2420 3465 2633 3541 1—3),

391 3553 577 3610 altero
641 3554 800 3629 quod
860 3554 1028 3612 Beda
1089 3555 1162 3611 de
1221 3553 1484 3612 Patricio
1546 3554 1730 3613 verba
1789 3573 1909 3611 non
1980 3553 2149 3626 fecit,
2231 3554 2412 3612 tertio
2476 3554 2635 3631 quod

390 3643 551 3699 nulla
628 3648 824 3700 exstat
901 3643 1059 3720 apud
1137 3641 1347 3702 Scotos
1426 3644 1649 3701 mentio
1729 3642 1987 3701 Palladii
2075 3643 2191 3701 nisi
2270 3643 2429 3720 apud
2517 3661 2633 3715 eos,

391 3732 495 3806 qui
543 3730 825 3808 Prosperi
885 3731 1286 3791 narrationem
1350 3739 1776 3808 cognoverant,
1849 3737 2062 3809 quarto
2128 3732 2287 3808 quod
2348 3731 2487 3791 talis
2546 3738 2637 3790 est

391 3820 658 3878 Patricio
707 3840 839 3878 cum
886 3821 1159 3878 Palladio
1207 3821 1458 3878 nominis
1505 3823 1799 3892 vicinitas,
1850 3841 2002 3897 quae
2048 3822 2222 3880 facile
2268 3821 2330 3878 in
2378 3841 2636 3879 errorem

391 3908 684 3966 adducere
733 3911 999 3986 potuerit
1045 3910 1424 3986 Prosperum,
1475 3912 1683 3986 quinto
1734 3911 1892 3987 quod
1940 3911 2145 3968 eodem
2192 3930 2347 3968 anno
2396 3910 2523 3968 432
2571 3910 2634 3966 in

391 3997 747 4055 Hiberniam
803 4000 1032 4057 venisse
1087 3997 1350 4058 traditur
1406 3999 1711 4058 Palladius
1768 4021 1803 4057 a
1860 4000 2183 4078 Prospero,
2246 3999 2545 4056 Patricius
2601 4017 2636 4054 a

395 4086 726 4145 Tirechano
753 4085 777 4120 ¹
835 4121 934 4160 —-,
983 4095 1150 4147 sexto
1199 4087 1454 4162 denique
1503 4089 1663 4163 quod
1708 4088 2013 4148 Palladius
2058 4089 2159 4147 ille
2206 4087 2487 4163 Prosperi
2534 4106 2635 4144 na-

575 4227 598 4258 ²
635 4194 980 4278 51¹irechanus
1037 4226 1280 4278 secundo
1343 4226 1494 4294 regis
1545 4225 1801 4292 Logairii
1860 4243 2006 4279 anno
2056 4224 2366 4277 Patricium
2414 4223 2636 4276 venisse

395 4297 674 4365 prodidit,
716 4308 907 4363 regem
945 4299 1133 4348 autem
1171 4296 1329 4349 illum
1371 4297 1437 4350 33
1477 4311 1653 4349 annos
1690 4313 1953 4366 regnasse
1992 4298 2233 4348 testatur
2272 4294 2537 4362 (Betham
2574 4294 2637 4348 H

397 4387 522 4438 app.
564 4387 618 4437 p.
660 4366 852 4436 XIX).
931 4365 1104 4434 Erg0‚
1145 4367 1190 4418 si
1230 4367 1528 4436 Logairius
1568 4385 1712 4420 anno
1750 4367 1853 4421 463
1894 4371 2145 4419 mortuus
2185 4371 2271 4418 est
2308 4363 2524 4435 (Skene
2553 4365 2634 4432 II,

2132 4455 2207 4508 4*
