3259 5084
1527 243 1961 300 ...28—

629 425 829 502 aliquo
871 427 1007 500 jure
1051 423 1255 503 putari
1299 427 1499 500 potest
1544 422 1757 481 horum
1785 421 2101 481 Britonum
2148 421 2460 500 episcopus
2493 422 2597 498 (H.
2628 420 2745 480 and
2776 420 2865 480 St.

626 515 665 572 l.
711 534 758 572 c.
807 511 1002 572 Skene
1045 512 1134 586 Π,
1178 532 1235 589 p.
1285 513 1414 587 29).

806 601 1007 662 Ceteri
1055 601 1335 660 Britones
1380 599 1686 660 Romanae
1748 600 2027 659 ecclesiae
2084 620 2201 659 non
2247 600 2413 679 prius
2460 620 2638 677 quam
2683 619 2900 677 regno·

628 689 964 770 Anglorum
1023 689 1272 749 adunati
1326 695 1479 749 sunt.
1574 689 1749 763 Quod
1794 689 1881 747 ita
1936 690 2203 747 futurum
2248 709 2373 749 esse
2418 689 2703 768 apparuit
2740 691 2867 764 jam

626 800 781 839 anno
832 779 975 839 705.
1052 779 1183 852 Quo
1231 798 1385 837 anno
1433 779 1531 856 (cf.
1576 778 1658 836 H.
1704 778 1821 836 and
1868 777 1957 837 St.
1986 778 2107 852 III,
2155 801 2212 857 p.
2256 779 2410 856 268)
2458 799 2589 836 cum
2619 777 2867 835 Aldhel·

627 889 782 942 mus,
839 869 1026 928 abbas
1070 867 1589 927 Malmesburensis
1629 868 1879 944 jubente
1926 859 2185 944 s'ynodo1
2231 868 2292 927 in
2336 867 2555 926 finibus
2599 867 2866 926 occiden-

627 957 836 1016 talium
893 955 1196 1017 Saxonum
1257 963 1618 1035 congregata
1675 955 1969 1016 Geruntio
2031 958 2157 1034 regi
2202 957 2574 1016 Damnoniae
2634 956 2867 1016 litteras

628 1047 883 1107 misisset
929 1046 1128 1123 (Jaffs,
1176 1035 1334 1105 Bibl.
1376 1068 1490 1105 rer.
1523 1045 1725 1106 Germ.
1758 1045 1880 1120 III,
1928 1067 2018 1124 ep.
2056 1048 2136 1123 1),
2182 1046 2398 1122 quibus
2444 1046 2635 1124 ipsum
2668 1065 2865 1122 regem

627 1140 688 1193 et
718 1135 1000 1195 Britones
1047 1136 1102 1194 ei
1147 1135 1414 1196 subditos
1447 1135 1726 1194 ecclesiae
1756 1137 2063 1194 Romanae
2092 1135 2503 1194 reconciliaret
2538 1169 2613 1178 —-
2651 1135 2866 1208 verbis,

627 1224 820 1297 credo,
863 1223 1265 1302 asperioribus
1312 1226 1408 1300 (cf.
1441 1225 1663 1302 Bright
1707 1246 1764 1302 p.
1800 1225 1953 1301 421)
1989 1259 2070 1270 -—
2104 1224 2253 1283 adeo
2299 1245 2537 1300 operam
2584 1223 2865 1303 perdidit,

627 1319 696 1372 ut
753 1313 905 1372 nulli
949 1313 1266 1372 Britonum
1320 1314 1521 1374 verbis
1577 1317 1704 1389 ejus
1751 1315 2232 1391 obtemperarent
2277 1313 2393 1372 nisi
2437 1313 2506 1385 ii,
2570 1313 2673 1390 qui
2718 1312 2866 1371 occi-

629 1402 968 1462 dentalibus
1000 1401 1335 1462 Saxonibus
1376 1406 1500 1478 jam
1547 1402 1801 1488 subje'cti
1849 1411 2018 1462 erant
2064 1403 2124 1479 (i.
2171 1424 2218 1461 e.
2268 1403 2339 1476 ei,
2387 1403 2490 1478 qui
2531 1403 2868 1461 incolebant

626 1491 946 1568 regionem,
995 1491 1089 1550 cui
1132 1491 1307 1550 hodic
1337 1513 1551 1551 nomen
1584 1499 1675 1551 est
1706 1489 2014 1563 Somersct,
2048 1491 2215 1550 Beda
2242 1491 2300 1550 h.
2334 1512 2382 1550 e.
2418 1491 2473 1565 5,
2514 1493 2593 1550 18
2626 1493 2660 1569 ξ
2694 1490 2867 1568 410),

625 1580 668 1637 ii
716 1586 916 1640 autem
946 1581 1226 1641 Britones
1273 1582 1376 1658 qui
1421 1582 1701 1641 libertate
1748 1581 1928 1640 etiam
1976 1587 2119 1640 tunc
2163 1581 2517 1639 fruebantur
2557 1578 2867 1640 domestico

625 1667 739 1728 sibi
789 1668 924 1730 odio
965 1679 1192 1750 yentcm
1238 1667 1575 1752 Anylo‘mm
1619 1678 1672 1730 et
1714 1668 1887 1729 totius
1931 1667 2193 1730 ecclesiae
2238 1678 2452 1729 statum
2487 1666 2715 1752 pascha
2756 1668 2864 1728 im-

619 1777 890 1838 pugnare
935 1766 1252 1837 pergerent
1298 1760 1490 1836 (Beda
1536 1760 1592 1818 h.
1627 1781 1674 1818 e.
1709 1759 1766 1832 5,
1816 1760 1899 1818 23
1948 1762 1983 1838 g
2031 1759 2187 1837 451)
2232 1795 2307 1803 -—
2344 1760 2529 1818 donec
2560 1758 2867 1834 Egbertus

627 1868 733 1905 rex
779 1849 950 1908 bellis
998 1869 1151 1908 anno
1199 1850 1345 1922 813,
1396 1850 1544 1922 823,
1593 1849 1722 1907 825
1771 1849 1953 1926 gestis
1984 1849 2381 1908 Damnoniam
2427 1868 2611 1926 regno
2658 1868 2763 1907 suo
2806 1854 2867 1907 et

627 1937 907 1996 ecclesiae
954 1937 1262 1998 Romanae
1307 1938 1583 2014 adjunxit
1628 1938 1773 2014 (vid.
1819 1938 1898 1996 H.
1946 1939 2063 1996 and
2109 1938 2198 1998 St.
2244 1938 2297 2012 I,
2342 1960 2400 2017 p.
2452 1938 2576 1997 673
2627 1939 2754 2014 sq.).

803 2025 1093 2086 Similiter
1136 2027 1200 2086 in
1233 2027 1529 2099 Cambria,
1576 2031 1743 2102 cujus
1789 2027 2052 2106 episcopi
2091 2030 2217 2103 jam
2263 2027 2424 2086 intra
2470 2047 2687 2087 annum
2737 2025 2863 2084 755

625 2121 687 2174 et
734 2116 861 2173 809
910 2115 972 2173 vi
1019 2115 1209 2175 coacti
1255 2138 1290 2174 a
1319 2114 1691 2176 Saxonibus2
1733 2117 1955 2194 partim
1985 2115 2317 2174 Romanum
2366 2117 2585 2193 pascha
2626 2136 2864 2193 accepe-

623 2211 780 2277 rant,
827 2203 1129 2263 schismati
1173 2204 1348 2263 simul
1395 2223 1525 2262 cum
1565 2203 1847 2262 libertate
1889 2206 1965 2263 ab
2008 2203 2212 2261 eodem
2243 2204 2513 2280 Egberto
2546 2224 2699 2262 anno
2734 2205 2861 2262 816

622 2292 757 2352 finis
802 2293 1113 2371 impositus
1156 2298 1261 2351 est.

803 2382 898 2440 Ex
927 2382 1020 2442 his
1051 2381 1322 2441 omnibus
1355 2401 1486 2440 cum
1519 2385 1810 2459 appareat
1840 2380 2304 2440 controversiam
2335 2381 2494 2438 inter
2525 2379 2862 2456 Anglorum

623 2471 1033 2532 et‘Britonum
1073 2471 1344 2531 ecclesias
1374 2469 1576 2549 potius
1605 2469 1787 2528 fuisse
1817 2470 2042 2534 bellum
2069 2469 2226 2529 inter
2255 2470 2429 2528 hasce
2460 2469 2607 2528 duas
2638 2474 2860 2546 gentes,

625 2561 1002 2622 manifestum
1049 2567 1140 2622 est
1195 2559 1575 2620 dissensionis
1621 2559 2051 2619 ecclesiasticae
2096 2558 2545 2637 amplitudinem
2590 2578 2697 2617 nos
2745 2577 2859 2616 non

624 2670 794 2727 posse
842 2650 1040 2708 metiri
1087 2649 1526 2710 controversiae
1573 2649 1915 2709 acerbitate.
2008 2647 2179 2708 Inter
2226 2647 2499 2708 ecclesias
2546 2647 2863 2707 Britonum

624 2744 686 2797 et
717 2738 1248 2816 Angla-Saxonum
1293 2737 1579 2798 dissensio
1627 2759 1746 2797 non
1793 2744 1921 2797 erat
1966 2739 2079 2797 nisi
2127 2738 2199 2796 de
2248 2737 2685 2816 computatione
2725 2735 2865 2796 festi

623 2826 918 2905 paschalis
963 2831 1024 2884 et
1071 2827 1142 2884 de
1188 2827 1486 2885 nonnullis
1532 2827 1748 2886 ritibus
1794 2827 2221 2886 ecclesiasticis.

799 2914 966 2992 Ergo
1013 2927 1386 2991 nequaquam
1431 2933 1540 2992 pro
1569 2914 1704 2988 fide,
1752 2915 1853 2974 vix
1883 2935 1993 2993 pro
2024 2917 2301 2988 moribus,
2350 2920 2512 2974 certo
2543 2936 2653 2994 pro
2684 2915 2860 2974 liber-

621 3009 746 3064 tate
790 3002 1074 3062 Britones
1119 3023 1250 3062 cum
1296 3001 1637 3062 Saxonibus
1681 3010 2116 3081 pugnaverunt.

799 3093 1007 3171 Longe
1055 3091 1232 3152 aliter
1270 3092 1657 3169 judicandum
1704 3097 1795 3152 est
1824 3092 1897 3150 de
1930 3093 2329 3153 controversia
2360 3093 2517 3152 inter
2548 3093 2861 3153 Scotorum

622 3190 683 3243 et
743 3181 1081 3261 Anglorum
1143 3181 1434 3241 ecclesias.
1542 3181 1895 3256 Quanquam
1958 3181 2112 3240 enim
2172 3184 2469 3260 permulta
2530 3183 2862 3241 communia

620 3273 800 3332 fuisse
832 3272 1114 3332 ecclesiae
1145 3269 1460 3332 Scotorum
1494 3277 1555 3330 et
1583 3271 1904 3330 Britonum
1936 3291 2106 3330 nemo
2140 3279 2246 3345 est,
2279 3272 2383 3347 qui
2413 3277 2606 3348 neget,
2648 3279 2863 3346 tamen,

621 3361 725 3436 qui
784 3362 1008 3420 fuerint
1066 3362 1376 3438 utriusque
1439 3380 1658 3435 mores,
1718 3362 1894 3438 plane
1955 3361 2227 3438 cognosci
2274 3382 2390 3420 non
2437 3367 2635 3438 potest
2682 3362 2729 3420 si
2786 3395 2857 3404 —-

623 3449 780 3524 quod
825 3450 1098 3527 plurimis
1142 3451 1386 3529 placuit,
1435 3471 1553 3510 non
1599 3470 1739 3512 vero
1788 3449 1932 3510 viris
1979 3450 2333 3509 doctissimis
2378 3449 2457 3509 H.
2505 3449 2623 3508 and
2669 3449 2756 3508 St.
2805 3455 2865 3507 et

621 3545 826 3596 nostro
859 3537 1153 3598 Schoellio
1185 3540 1289 3599 sed
1319 3540 1473 3618 proh
1504 3540 1703 3599 dolor!
1745 3538 1889 3616 ipsis
1921 3538 2063 3597 viris
2092 3559 2318 3598 summa
2350 3537 2656 3597 doctrinae
2690 3539 2864 3598 laude

624 3627 846 3703 dignis,
906 3627 1186 3705 Brightio
1245 3634 1307 3688 et
1350 3629 1669 3687 Warrenio
1716 3662 1801 3672 -
1847 3647 1966 3684 una
2012 3634 2073 3687 et
2118 3628 2321 3686 eadem
2370 3627 2864 3687 commentatione

771 3856 793 3886 1
831 3854 999 3908 Hanc
1037 3855 1313 3922 synodum
1351 3856 1587 3909 eandem
1627 3870 1763 3918 esse,
1818 3855 1908 3908 cui
1947 3853 2294 3908 winfridum
2332 3855 2650 3908 interfuisse
2688 3855 2866 3909 refert

635 3925 995 3980 Willibaldus
1043 3927 1144 3980 vit.
1185 3927 1324 3980 Bon.
1367 3925 1543 3992 Jaffe,
1598 3925 1751 3978 Bibl.
1792 3942 1899 3980 rer.
1940 3925 2129 3980 Germ.
2168 3924 2279 3990 ΠΙ,
2321 3944 2375 3993 p.
2416 3925 2520 3981 439
2558 3927 2677 3980 sine
2709 3927 2864 3995 justa

628 4016 797 4052 causa
834 3997 1050 4066 opinati
1088 4001 1220 4050 sunt
1258 3997 1334 4051 Η.
1377 3997 1486 4049 and
1527 3995 1610 4050 St.
1653 3996 1700 4060 I,
1744 4015 1801 4065 p.
1842 3996 1947 4051 674
1983 4001 2099 4052 not.
2138 3997 2194 4052 b.

771 4069 794 4101 ’²
833 4069 978 4122 Brut
1013 4085 1048 4134 y
1073 4066 1309 4135 Tywyso
1350 4067 1445 4120 ion
1486 4068 1582 4136 (de
1621 4085 1731 4138 quo
1768 4067 1915 4122 libro
1941 4067 2054 4121 vid.
2085 4067 2479 4137 Lappenberg,
2523 4069 2723 4123 Gesch.
2752 4087 2862 4123 von

627 4139 837 4209 Engld.
877 4158 932 4208 p.
963 4137 1190 4206 XLIII)
1228 4155 1276 4191 a.
1347 4178 1358 4190 .
1389 4137 1523 4193 755:
1562 4141 1739 4194 caster
1772 4155 1885 4194 was
1921 4138 2157 4208 changed
2178 4140 2242 4194 in
2268 4138 2545 4208 Gywmdd
2571 4140 2665 4208 (cf.
2696 4158 2864 4209 supra

629 4229 686 4278 p.
728 4212 819 4279 13)
857 4209 927 4280 by
965 4211 1049 4264 the
1085 4209 1266 4264 advice
1301 4209 1368 4276 of
1385 4209 1573 4275 E'lvod‚
1611 4209 1824 4277 bischop
1858 4210 1932 4274 of
1946 4208 2075 4263 Ban
2108 4227 2186 4276 or,
2224 4210 2320 4264 but
2343 4211 2427 4264 the
2451 4211 2600 4265 other
2625 4210 2864 4278 bischops

628 4281 722 4334 did
757 4283 854 4335 not
888 4297 1088 4335 concur
1125 4280 1360 4346 thereim
1396 4296 1467 4334 on
1501 4280 1672 4334 which
1702 4283 1931 4334 account
1953 4280 2038 4332 the
2102 4297 2276 4334 amona
2298 4281 2526 4336 invaded
2551 4283 2635 4335 the
2662 4282 2865 4352 Cymry

628 4351 691 4404 in
725 4351 896 4406 South
932 4351 1112 4407 Wales
1151 4352 1256 4422 (H.
1296 4351 1408 4406 and
1443 4351 1523 4405 St.
1553 4351 1604 4416 I,
1635 4369 1696 4420 p.
1725 4352 1848 4405 204
1888 4351 2219 4406 translatum
2254 4368 2323 4405 ecc
2359 4368 2599 4409 sermone
2626 4352 2859 4424 Celtico).
