3259 5084
1468 290 1578 347 .-
1675 241 1934 313 584-

602 436 736 495 iniit
752 480 769 509 ,
839 441 1039 495 tamem
1100 435 1420 494 absurdum
1483 441 1573 494 est
1644 434 1797 493 hanc
1857 435 2049 512 ipsam
2111 435 2187 494 ob
2249 455 2481 495 causam
2545 435 2720 495 fidem
2783 436 2838 495 ei

600 528 905 602 abrogare.
995 526 1218 585 Narrat
1264 530 1463 583 autem
1508 524 1668 583 inter
1713 524 1830 583 alia
1893 524 2081 582 multa
2139 523 2258 583 tria
2319 524 2626 599 miracula,
2688 546 2838 603 quae

600 614 949 674 Columbam
982 613 1233 673 edidisse
1262 615 1463 687 refert,
1496 634 1625 672 cum
1660 610 1892 693 juvenis
1938 611 2217 673 diaconus
2259 612 2323 673 in
2353 608 2642 675 Ilibemia
2673 614 2840 695 apud

600 701 1009 763 Findbamm
1039 710 1302 763 sanctam
1341 700 1682 782 episcopum
1713 710 2098 763 commaneret
2128 702 2260 778 (vit.
2293 701 2420 761 Col.
2451 704 2504 776 1,
2532 706 2569 761 2
2595 726 2654 783 p.
2685 706 2837 777 1993

602 797 657 867 2,
694 792 776 852 59
808 815 867 871 p.
901 793 1059 865 218;
1112 794 1170 865 2,
1203 792 1281 850 41
1318 813 1378 870 p.
1414 793 1586 869 214).
1672 792 1869 851 Erant
1923 812 2066 868 ergo
2128 791 2362 851 diaconi
2406 793 2566 871 apud
2611 793 2837 866 Scotos,

600 893 659 942 et
706 902 821 958 quo
867 901 1109 943 munere
1154 881 1348 941 functi
1393 881 1513 940 sint
1559 902 1634 939 ne
1682 881 1873 939 dicam
1921 881 2244 941 Columbae
2293 888 2452 941 certe
2495 882 2837 943 Adamnani

597 969 988 1049 temporibus,
1044 971 1199 1029 forte
1252 971 1494 1029 fortuna
1549 970 1724 1030 docet
1776 990 1897 1029 una
1961 991 2032 1027 ex
2091 970 2284 1031 tribus
2330 970 2450 1029 illis
2494 970 2838 1032 Adamnani

598 1059 1084 1131 narratiunculis,
1158 1060 1379 1137 quippe
1434 1060 1499 1118 in
1561 1080 1680 1136 qua
1738 1060 2122 1119 inveniantur
2180 1060 2416 1119 haecce:
2478 1060 2563 1120 ad
2605 1058 2837 1144 fontem

596 1157 827 1230 sumpto
872 1148 1073 1229 peryit
1117 1148 1294 1226 (001.)
1340 1167 1538 1220 urceo,
1601 1157 1665 1207 ut
1722 1147 1807 1208 ad
1864 1167 2067 1207 sacrae
2125 1146 2506 1209 eucharistiae
2560 1150 2838 1229 mystevia

597 1258 813 1319 aquam
870 1236 1044 1318 quasi
1102 1236 1381 1297 diaeonus
1426 1236 1750 1319 fontanam
1809 1234 2097 1309 haus-iret,
2159 1237 2282 1317 ipse
2340 1236 2554 1319 quippe
2615 1236 2732 1299 illis
2775 1239 2838 1299 in

597 1326 797 1390 diebus
859 1335 984 1388 erat
1042 1324 1104 1387 in
1167 1325 1509 1387 diaconatus
1564 1326 1765 1407 qradu
1823 1325 2244 1387 administrans
2291 1329 2384 1403 (2,
2429 1329 2510 1387 41
2558 1350 2617 1407 p.
2661 1330 2836 1405 214).

599 1417 830 1493 Quibus
876 1416 1072 1476 verbis
1119 1416 1263 1494 quid
1294 1416 1548 1476 clarius?
1610 1416 2015 1477 Diaconorum
2043 1415 2224 1477 fuisse
2256 1417 2319 1475 in
2365 1417 2834 1477 administrando

598 1526 837 1565 munere
884 1506 1178 1585 episcopis
1224 1506 1301 1564 ad
1344 1526 1551 1565 manus
1599 1526 1724 1565 esse
1770 1526 1880 1583 pro
1929 1511 2089 1565 certo
2138 1512 2388 1565 constat.

775 1594 895 1653 Sed
944 1594 1089 1673 quid
1119 1596 1192 1654 de
1224 1595 1369 1673 ipsis
1402 1594 1710 1672 episcopis,
1757 1594 1902 1670 quid
1941 1594 2013 1653 de
2044 1596 2410 1673 presbyteris
2450 1596 2834 1672 judicandum

596 1686 726 1745 est?
772 1683 1183 1763 Reperiuntur
1228 1684 1382 1742 enim
1412 1689 1654 1761 praeter
1684 1684 1962 1743 diaconos
2010 1689 2071 1743 et
2115 1683 2176 1743 in
2224 1686 2538 1744 annalibus
2586 1692 2648 1743 et
2677 1688 2835 1765 apud

594 1774 821 1833 Bedam
869 1779 930 1833 et
974 1775 1035 1832 in
1081 1773 1225 1834 vitis
1272 1772 1627 1833 Sanctorum
1675 1778 1737 1831 et
1789 1774 2270 1851 presbyterorum
2319 1780 2378 1834 et
2424 1776 2833 1853 episcoporum

595 1863 851 1924 nomina.
942 1863 1035 1922 At
1090 1863 1396 1941 episcopos
1456 1862 1591 1921 illos
1653 1861 1769 1921 nisi
1814 1862 2050 1921 nomine
2097 1862 2362 1923 diversos
2409 1884 2524 1923 non
2571 1864 2754 1925 fuisse
2799 1887 2835 1925 a

594 1953 959 2031 presbyteris
1018 1972 1391 2030 nequaquam
1452 1970 1603 2011 unus
1665 1951 1977 2010 Ebrardus
2033 1952 2116 2030 (p.
2156 1953 2280 2011 168
2312 1956 2468 2030 sqq.)
2530 1954 2837 2015 contendit

596 2042 739 2117 (vid.
788 2040 983 2101 Skene
1014 2042 1102 2115 ΙΙ,
1134 2062 1192 2119 p.
1229 2042 1354 2118 93).
1423 2040 1592 2117 Ergo
1640 2042 1760 2099 non
1806 2041 1964 2100 solus
2016 2041 2255 2101 erravit.
2347 2042 2501 2102 Nam
2549 2044 2834 2104 erravisse

594 2152 724 2189 eum
786 2130 955 2189 testis
1017 2135 1109 2189 est
1161 2128 1567 2189 Adamnanus.
1660 2130 1884 2190 Narrat
1937 2129 2092 2191 enim
2151 2131 2236 2204 (1,
2279 2130 2360 2189 35
2403 2152 2461 2208 p.
2509 2132 2636 2189 210
2681 2135 2834 2211 sqq.)

594 2220 933 2297 episcopum
979 2219 1274 2296 quendam
1319 2218 1393 2277 de
1438 2218 1926 2277 Momoniensium
1986 2219 2292 2295 provincia
2334 2219 2382 2278 J
2383 2240 2557 2278 onam
2602 2220 2833 2280 venisse

591 2309 794 2386 ibique
854 2308 1158 2367 humiliter
1219 2308 1630 2385 presbyterum
1689 2328 1752 2367 se
1814 2328 1938 2367 esse
2007 2308 2334 2385 professum
2393 2328 2517 2367 esse
2580 2314 2642 2365 et
2699 2310 2832 2369 aliis

592 2398 769 2457 rebus
816 2403 876 2456 et
921 2398 1009 2457 ita
1026 2442 1040 2471 ,
1088 2404 1156 2456 ut
1194 2400 1395 2472 jussus
1440 2419 1475 2456 a
1522 2396 1814 2457 Columba
1865 2390 2082 2457 Christi
2123 2416 2334 2475 empus
2379 2414 2449 2455 ex
2494 2415 2656 2455 more
2701 2417 2829 2457 0071-

592 2486 757 2549 ficere
791 2486 1140 2546 Columbam
1187 2487 1522 2562 advocaret,
1568 2495 1632 2545 ut
1675 2483 1853 2547 simul
1897 2484 2068 2568 quasi
2109 2484 2227 2547 duo
2258 2483 2590 2565 presbyteri
2617 2480 2828 2547 Domi-

592 2575 789 2635 nio-um
820 2595 1049 2655 panem
1087 2573 1663 2659 ]’7·α71907·0711.80(1
1708 2576 2076 2648 Columbam,
2126 2595 2317 2652 quem,
2365 2574 2468 2652 qui
2516 2581 2671 2633 esset
2715 2576 2833 2648 ille,

592 2668 797 2742 fugere
842 2686 961 2724 non
1006 2666 1314 2743 potuisset,
1362 2687 1493 2725 cum
1540 2666 1618 2725 ad
1647 2665 1862 2725 altaria
1907 2664 2249 2724 accessisset
2292 2663 2578 2723 intuitum
2622 2665 2836 2725 faciem

593 2760 721 2831 ejus
783 2754 866 2813 sic
927 2775 1060 2813 eum
1118 2755 1521 2832 compellasse.
1583 2750 1908 2813 Benedicat
1952 2761 2004 2811 te
2068 2748 2353 2826 OEm'stus,
2396 2751 2627 2834 fratem
2685 2751 2836 2812 1111710

592 2840 751 2904 solus
794 2840 1113 2923 episcopali
1153 2841 1273 2902 m‘tu
1302 2842 1525 2923 franqe
1570 2862 1820 2925 panem3
1879 2862 2036 2901 7111710
2089 2840 2302 2901 scimus
2346 2840 2505 2923 quod
2550 2840 2628 2901 sis
2687 2842 2832 2922 epis-

593 2951 802 3011 copus.-
862 2950 1044 3012 quare
1101 2929 1391 3012 hucusque
1448 2940 1499 2991 te
1560 2928 1846 2992 occultare
1906 2939 2147 2991 conatus
2193 2950 2277 3002 es,
2333 2939 2396 2990 ut
2439 2928 2548 2991 tibi
2589 2950 2628 2989 a
2671 2929 2836 2991 nobis

593 3019 785 3082 debita
829 3040 946 3081 71071
988 3020 1331 3081 redderetur
1374 3020 1676 3081 veneratio.
1740 3021 1914 3080 Unde
1960 3040 2078 3079 non
2124 3022 2330 3079 solum·
2361 3021 2632 3096 sequitur
2677 3021 2835 3099 apud

594 3111 804 3171 Scotos
851 3128 1085 3188 quoque
1147 3110 1328 3169 fuisse
1391 3112 1782 3189 episcopalem
1844 3110 2095 3187 gradum
2158 3130 2408 3186 eumque
2471 3111 2834 3189 superiorem

592 3200 984 3281 presbyteris,
1046 3199 1149 3260 sed
1214 3200 1391 3257 etiam
1455 3205 1707 3277 apparet
1769 3199 2179 3279 episcoporum
2232 3199 2412 3257 fuisse
2460 3198 2834 3277 privilegium

594 3289 1011 3349 eucharistiam
1060 3289 1357 3348 celebrare
1402 3289 1525 3348 ritu
1569 3288 1902 3367 pontificali
1948 3288 1984 3349 i.
2019 3309 2067 3346 e.
2113 3309 2232 3347 non
2279 3288 2592 3349 assistente
2633 3289 2836 3346 altere.

593 3379 813 3437 Itidem
876 3397 948 3434 ex
1003 3379 1147 3451 alia,
1208 3379 1269 3437 in
1335 3398 1512 3456 quam
1567 3378 1822 3437 Skenius
1871 3378 1966 3453 (II
2010 3398 2067 3455 p.
2119 3378 2228 3455 94)
2286 3377 2520 3437 demum
2577 3376 2838 3435 animum

596 3486 789 3525 meum
836 3467 1149 3533 convertit,
1198 3466 1541 3526 Adamnani
1588 3466 2034 3525 narratiuncula
2082 3467 2167 3541 (1,
2218 3467 2298 3525 29
2347 3489 2404 3545 p.
2440 3466 2612 3542 208),
2661 3486 2836 3542 quam

596 3576 872 3615 enarrare
918 3556 1160 3632 longum
1208 3562 1314 3630 est,
1364 3556 1758 3633 colligendum
1792 3562 1883 3615 est
1915 3555 2322 3632 episcoporum
2363 3555 2543 3615 fuisse
2591 3553 2838 3613 solemni

593 3646 717 3703 ritu
763 3645 825 3702 in
872 3646 1245 3705 sacerdotum
1291 3665 1600 3705 numerum
1647 3644 1908 3720 recipere
1955 3643 2213 3703 clericos.

776 3734 941 3807 Quae
990 3754 1123 3793 cum
1169 3735 1255 3793 ita
1304 3734 1439 3807 sint,
1488 3733 1669 3791 etiam
1702 3731 2002 3794 difficilior
2038 3733 2200 3791 facta
2233 3740 2324 3791 est
2357 3732 2644 3810 quaestio,
2695 3731 2840 3809 quid

595 3825 669 3883 de
714 3823 1207 3883 monasteriorum
1254 3842 1574 3899 eorumque
1608 3821 1895 3883 abbatum
1928 3822 2282 3881 auctoritate
2322 3821 2707 3897 judicandum
2739 3821 2835 3879 sit.

597 3913 717 3973 Sed
764 3912 841 3971 ad
886 3912 1227 3973 solvendam
1275 3932 1427 3983 eam,
1492 3911 1542 3969 si
1588 3910 1739 3969 solvi
1783 3918 2007 3988 potest,
2069 3918 2305 3987 praesto
2353 3909 2521 3971 adest
2581 3909 2838 3988 epistula

594 4004 713 4075 illa,
762 4022 939 4079 quam
996 4022 1151 4061 anno
1218 4002 1344 4058 640
1396 4000 1706 4059 Johannes
1751 4000 1846 4058 IV
1892 4020 2046 4076 papa
2091 3999 2258 4076 genti
2304 3997 2614 4057 Scotorum
2677 3998 2840 4057 misit

596 4092 788 4193 (Beda
834 4092 891 4149 11.
925 4114 973 4150 0.
1024 4092 1079 4163 2,
1136 4091 1213 4147 19
1263 4091 1298 4167 ξ
1352 4089 1475 4147 143
1523 4091 1636 4165 sq.)
1684 4088 1997 4167 inscripta:
2045 4083 2456 4147 Dilectissimis
2501 4095 2554 4147 et
2598 4084 2834 4145 sanctis-

594 4179 757 4240 simis
810 4178 1115 4251 Tomzano
1168 4172 1540 4251 Columbano,
1591 4172 2202 4248 Oromano‚1)innao
2247 4184 2300 4235 et
2343 4171 2646 4234 Baithano
2690 4173 2834 4255 epis-

596 4268 784 4347 copis,·
834 4266 1131 4329 Oromano
1178 4262 1575 4349 E‘mianoque,
1624 4263 1967 4337 Laistram,
2014 4262 2278 4326 Scellano
2326 4273 2376 4325 et
2409 4262 2630 4345 8090710
2665 4282 2836 4343 pres-

598 4354 1124 4435 bytevis318arano
1170 4353 1473 4437 ceterisque
1520 4354 1850 4417 doctoribus
1895 4374 1994 4415 seu
2039 4353 2336 4415 abbatibus
2382 4348 2606 4413 Scottis.
2667 4353 2838 4413 Haec
