3259 5084
1561 309 1635 326 ....
1732 271 1772 340 4
1868 309 1943 326 ....

641 460 829 544 quia„
873 479 1022 542 quae
1082 461 1338 542 profert,
1400 461 1635 521 aliunde
1690 463 1815 535 jam
1878 458 2177 520 audieram
2236 458 2455 535 partim
2502 456 2642 534 quia
2688 455 2866 518 alium

637 561 817 631 atque
862 559 1128 614 nostrum
1174 553 1434 612 Varinus
1494 551 1609 610 sibi
1672 551 1980 628 proposuit
2038 548 2232 607 finem.
2326 546 2481 606 Tota
2540 547 2693 606 enim
2740 550 2867 623 ejus

638 643 1050 704 commentatio
1097 643 1286 701 altera
1330 661 1398 700 eo
1445 647 1705 720 spectat,
1751 646 1822 698 ut
1866 638 2347 698 Centuriatorum
2391 638 2864 714 Magdeburgen·

638 733 787 793 sium
818 731 1168 792 sententiam
1202 733 1420 790 refutet
1451 749 1581 789 cum
1613 729 1970 803 examinans,
2018 748 2158 787 num
2197 731 2331 803 jure
2378 727 2469 786 his
2514 747 2617 786 sex
2660 728 2866 786 rebust

643 825 704 899 1)
749 828 1030 882 tonsurae
1106 821 1296 880 forma
1387 821 1451 898 2)
1496 819 1741 896 liturgia
1813 819 2025 878 missae
2118 818 2183 895 3)
2230 817 2364 876 odio
2437 817 2501 874 in
2564 816 2867 875 Romanos

639 912 706 989 4)
753 910 1097 989 baptizandi
1155 931 1316 968 more
1379 909 1443 986 5)
1488 909 1628 969 festi
1686 908 1997 986 paschalis·
2036 905 2473 986 computatione
2552 907 2618 984 6)
2664 905 2867 965 matri-

636 1001 834 1060 monio
881 1001 1221 1059 clericorum
1275 1033 1348 1044 —-
1400 999 1705 1058 ecclesiam
1750 997 2067 1057 Britonum
2114 995 2405 1056 diversam
2464 995 2645 1054 fuisse
2690 1015 2725 1053 a
2774 1015 2867 1054 ca-

637 1090 856 1150 tholica
902 1089 1268 1163 censuerint,
1329 1095 1457 1147 tum
1503 1089 1718 1147 docens
1763 1088 1989 1146 nullam
2034 1105 2293 1164 unquam
2339 1085 2690 1144 Britonibus
2736 1104 2866 1143 cum

637 1176 786 1238 Asia
831 1179 1008 1237 fuisse
1053 1177 1559 1238 necessitudinem.
1583 1176 1610 1214 1
1660 1211 1737 1221 —
1788 1175 1907 1236 Sed
1953 1177 2069 1236 alio
2115 1177 2268 1248 loco,
2330 1175 2433 1233 ubi
2493 1194 2611 1234 non
2668 1193 2866 1253 spera-

637 1289 868 1340 veram,
930 1267 1071 1326 novi
1117 1267 1339 1344 aliquid
1383 1267 1613 1340 inveni,
1680 1266 1838 1342 quod
1901 1266 1977 1324 ad
2037 1265 2499 1343 cognoscendam
2556 1262 2868 1322 Scotorum

641 1355 918 1416 ecclesiae
963 1362 1237 1415 naturam
1282 1357 1520 1415 maximi
1565 1355 1851 1414 momenti
1895 1356 2131 1415 videtur
2176 1375 2332 1414 esse:
2380 1353 2539 1432 apud
2569 1351 2866 1411 Harttun-

637 1445 799 1522 gium
861 1439 1315 1524 (Diplomcm'sch
1332 1479 1353 1488 -
1371 1441 1699 1506 historische
1746 1439 2175 1525 Forsclzunyen.
2241 1445 2387 1504 1879
2448 1464 2505 1522 p.
2567 1442 2645 1501 21
2698 1443 2868 1518 sqq.).

639 1533 991 1610 Quanquam
1039 1533 1194 1592 enim
1239 1554 1338 1607 ea,
1401 1555 1552 1610 quae
1611 1555 1799 1611 pauca
1858 1535 1931 1593 de
1978 1533 2294 1593 Britonum
2342 1532 2585 1591 ecclesia
2632 1530 2867 1590 aliunde

639 1622 890 1701 sumpsit
921 1657 1007 1666 —-
1037 1623 1188 1700 proh
1218 1623 1382 1681 dolor
1415 1644 1486 1681 ex
1515 1622 1779 1682 Ebrardi
1810 1643 2043 1700 quoque
2089 1623 2271 1683 libro!
2309 1656 2384 1666 -
2420 1621 2620 1698 magni
2666 1620 2865 1679 existi-

638 1731 798 1770 mare
828 1731 945 1769 non
977 1732 1232 1789 possum,
1277 1719 1478 1770 tamen
1509 1712 1640 1772 aliis
1670 1713 1843 1788 hujus
1888 1712 2028 1772 libri
2072 1712 2344 1791 partibus
2383 1710 2631 1769 multum
2664 1710 2865 1781 debe0,

639 1820 831 1878 neque
862 1801 1131 1859 omittam
1174 1803 1401 1878 gratias
1446 1823 1622 1879 agere
1668 1802 2053 1880 Harttungio,
2100 1802 2202 1878 qui
2235 1802 2324 1878 (p.
2359 1801 2467 1876 22)
2500 1818 2715 1871 omnes,
2763 1797 2866 1873 qui

639 1890 712 1949 de
751 1889 1066 1948 Britonum
1115 1892 1358 1950 ecclesia
1405 1897 1643 1950 exstent
1686 1891 1842 1965 libri,
1890 1911 2230 1950 enumerare
2277 1894 2519 1948 conatus
2565 1886 2661 1947 sit.
2754 1885 2863 1945 Oo-

639 1985 812 2038 natus
858 1984 977 2052 est,
1025 2000 1160 2037 nam
1207 1979 1532 2058 complures
1580 2001 1713 2039 eum
1759 1983 2040 2057 fugerunt
2086 1980 2420 2057 scriptores.
2513 1976 2664 2035 Cum
2710 1975 2867 2034 enim

636 2068 834 2145 priore
881 2088 1032 2126 anno
1079 2069 1141 2125 in
1187 2069 1374 2128 lucem
1421 2069 1711 2148 prodierit
1769 2065 2051 2140 ereu,
2113 2065 2372 2150 Dituryy
2416 2066 2540 2126 and
2582 2061 2763 2124 ritual
2808 2061 2881 2145 of

638 2154 729 2215 the
778 2152 954 2216 Celtic
999 2152 1228 2215 churck.
1281 2154 1516 2238 Oxfo‘rd
1562 2159 1732 2228 1881,
1802 2159 2041 2216 tandem
2089 2156 2405 2233 aliquando
2452 2156 2515 2213 in
2560 2155 2670 2213 hoc
2716 2155 2867 2212 libro

640 2245 935 2323 expletam
965 2265 1032 2302 ac
1062 2247 1387 2323 perfectam
1420 2247 1707 2304 librorum
1744 2247 2009 2305 tabulam
2056 2245 2259 2306 inveni
2302 2265 2411 2304 nec
2456 2264 2575 2302 non
2622 2265 2693 2302 ex
2738 2243 2868 2321 ipso

639 2334 792 2392 libro
824 2335 1082 2394 fructum
1112 2336 1413 2414 percipere
1444 2335 1630 2414 potui.
1722 2334 1842 2393 Sed
1886 2335 2032 2393 mihi
2076 2356 2196 2394 non
2240 2334 2507 2411 contigit,
2553 2338 2623 2391 ut
2669 2351 2871 2391 omnes

643 2423 826 2482 libros
873 2442 908 2480 a
938 2423 1250 2484 Warrenio
1296 2424 1584 2498 laudatos,
1634 2445 1706 2482 ex
1752 2424 1965 2501 quibus
2010 2424 2348 2497 utilitatem,
2396 2443 2585 2482 seram
2632 2421 2870 2498 quidem

641 2512 820 2586 illam,
869 2519 1178 2591 capturum
1223 2535 1314 2572 me
1363 2534 1488 2573 esse
1535 2514 1861 2591 sperabam,
1908 2513 2283 2593 adipiscerer.
2375 2511 2591 2572 Toddii
2623 2506 2765 2594 Lffe
2810 2508 2883 2592 of

641 2595 813 2660 Saint
856 2597 1098 2662 Pam‘ck
1142 2598 1408 2679 (Dublin.
1445 2605 1638 2682 1864),
1684 2604 1899 2674 librum
1932 2604 2005 2663 ab
2038 2602 2117 2662 H.
2150 2603 2267 2661 and
2300 2601 2384 2663 St.
2434 2607 2493 2660 et
2538 2600 2869 2677 Loeningio

639 2691 860 2749 frustra
902 2691 1046 2749 mihi
1077 2693 1562 2767 commendatum,
1611 2693 1749 2771 quia
1794 2694 1889 2752 vel
1933 2692 1994 2750 in
2040 2692 2347 2752 ditissimis
2392 2691 2587 2768 gentis
2632 2695 2871 2749 nostrae

640 2779 1014 2839 bibliothecis
1045 2779 1226 2855 deest,
1275 2803 1405 2840 cum
1438 2782 1598 2860 apud
1627 2781 2005 2840 Warrenium
2039 2801 2269 2860 quoque
2316 2780 2670 2840 invenissem
2718 2799 2869 2839 sum·

643 2868 754 2926 mis
802 2867 1074 2926 laudibus
1121 2870 1356 2943 elatum,
1405 2892 1440 2930 a
1487 2870 1810 2948 bibliopola
1856 2871 2109 2947 quodam
2140 2870 2511 2930 Londinensi
2554 2866 2870 2947 postulavi,

641 2956 744 3016 sed
776 2957 972 3015 omnia
1012 2957 1182 3033 hujus
1228 2959 1368 3017 libri
1413 2959 1772 3036 exemplaria
1817 2960 2059 3018 vendita
2105 2981 2229 3020 esse
2278 2958 2548 3038 comperi.
2642 2956 2759 3016 Sed
2802 2963 2872 3016 ut

641 3045 911 3105 omittam
928 3091 942 3118 ,
989 3046 1202 3122 quibus
1248 3047 1338 3104 uti
1383 3047 1527 3106 mihi
1573 3067 1691 3106 non
1735 3047 1983 3121 licebat,
2044 3069 2185 3108 usus
2233 3070 2360 3108 sum
2406 3053 2645 3127 praeter
2687 3047 2871 3105 libros

641 3143 818 3213 supra
867 3142 1348 3195 commemoratos
1394 3137 1456 3194 in
1501 3136 1860 3214 perficienda
1908 3137 2017 3195 hac
2061 3157 2191 3196 mea
2230 3137 2644 3197 dissertatione
2692 3136 2871 3195 etiam

638 3225 734 3283 his
779 3223 1006 3282 duobus
1051 3223 1251 3283 libris:
1313 3225 1510 3304 priore
1555 3225 1764 3284 Skenii
1823 3225 1977 3284 libro
2038 3227 2374 3286 doctissimo
2436 3232 2498 3285 et
2554 3224 2869 3297 uberrimo,

640 3313 743 3371 sed
789 3312 1005 3371 fabulis
1052 3333 1491 3392 nonnumquam
1539 3315 1713 3374 nimis
1760 3314 1976 3375 confiso
2024 3313 2233 3392 (Skene
2248 3360 2265 3387 ,
2332 3311 2506 3374 Celtic
2574 3310 2869 3374 Scotland.

640 3397 1007 3481 Edinburyh.
1039 3400 1149 3462 vol.
1183 3406 1231 3464 1.
1268 3407 1433 3475 1876,
1464 3400 1680 3486 history
1710 3403 1833 3464 and
1864 3401 2194 3486 ethnoloyy3
2224 3402 2332 3464 vol.
2364 3407 2420 3462 2.
2456 3405 2623 3480 1877,
2658 3397 2871 3462 οῘηινοῘι

640 3489 762 3550 and
808 3485 1024 3550 culture
1038 3510 1058 3561 ,·
1102 3490 1211 3552 vol.
1243 3495 1297 3552 3.
1334 3496 1500 3566 1880,
1547 3491 1693 3552 land
1722 3491 1847 3552 and
1862 3490 2100 3573 people)
2149 3495 2335 3552 altero
2382 3491 2645 3569 Brightii
2678 3488 2871 3570 Early

640 3576 855 3662 emylish
885 3575 1099 3640 churck
1127 3577 1344 3662 history
1377 3578 1658 3663 (Ooeford.
1694 3585 1885 3659 1878),
1930 3583 1993 3641 in
2027 3602 2141 3659 quo
2176 3582 2329 3641 libro
2376 3587 2584 3641 auctor
2626 3583 2871 3654 scholas,

641 3689 787 3746 quas
833 3669 907 3728 de
954 3669 1154 3728 Bedae
1199 3671 1448 3730 historia
1495 3671 1892 3730 ecclesiastica
1938 3691 2135 3730 coram
2175 3673 2493 3747 juvenibus
2539 3671 2871 3749 theologiae

640 3758 918 3817 studiosis
955 3758 1216 3833 ¹habuit,
1277 3761 1364 3819 ita
1419 3761 1617 3833 auxit,
1679 3765 1747 3818 ut
1793 3760 2232 3820 adumbrandae
2276 3761 2592 3821 Britonum
2638 3766 2699 3819 et
2742 3760 2871 3820 An-

638 3848 871 3925 glorum
901 3847 1184 3907 historiae
1232 3849 1661 3909 ecclesiasticae
1710 3869 1825 3907 non
1871 3871 2085 3928 parvas
2129 3851 2421 3910 utilitates
2465 3851 2826 3928 praebuerit.

816 3933 990 3996 Alios
1035 3935 1317 4014 denique,
1380 3938 1455 3997 ad
1501 3959 1649 4015 quos
1694 3939 1887 4001 rarius
1932 3940 2248 4017 provocavi
2308 3939 2492 3999 libros
2554 3946 2615 3999 et
2675 3940 2871 3998 omnia

639 4033 902 4086 veterum
964 4026 1318 4104 scriptorum
1377 4027 1717 4086 testimonia
1778 4028 1898 4088 suis
1958 4029 2103 4087 locis
2164 4031 2645 4088 commemorabO.
2736 4027 2871 4087 Hoc

638 4116 766 4176 loco
812 4115 898 4174 nil
944 4113 1240 4192 reliquum
1287 4121 1376 4175 est
1421 4116 1536 4176 nisi
1582 4122 1651 4176 ut
1694 4117 1837 4177 viris
1884 4117 2003 4178 iilis
2048 4117 2430 4194 doctissimis,
2494 4119 2596 4195 qui
2659 4118 2871 4178 biblio-

819 4327 840 4358 ¹
879 4325 1167 4379 Summam
1204 4325 1492 4396 utriusque
1531 4327 2022 4381 commentationis
2060 4327 2311 4382 invenies
2360 4328 2510 4398 apud
2549 4326 2868 4383 Montalem-

639 4394 764 4460 bert,
805 4396 878 4450 les
914 4398 1118 4452 moines
1155 4397 1457 4452 d'occident.
1499 4397 1616 4464 III,
1658 4399 1959 4454 488—491.
