3259 5084
1488 222 1918 279 „52-

588 411 814 464 certum
864 409 970 480 est,
1018 401 1068 460 si
1116 401 1219 477 qui
1264 402 1486 461 fuerint
1519 401 1718 460 clerici
1748 400 2151 459 monachicam
2184 400 2371 459 vitam
2405 420 2522 458 non
2557 400 2829 480 amplexi,

586 493 864 570 exiguum
909 493 1091 551 fuisse
1138 512 1448 551 numerum
1498 512 1717 549 eorum.

768 582 925 642 Nam
944 580 1179 639 'relicta
1225 581 1288 637 in
1318 580 1512 639 medio
1545 580 1650 637 illa
1683 580 2030 657 quaestione
2077 600 2185 656 pro
2220 586 2384 637 certo
2417 578 2829 637 affirmandum

586 677 679 729 est
726 672 789 729 in
837 671 1087 747 singulis
1134 669 1433 747 parochiis
1479 669 1609 747 ipsa
1657 668 2017 728 monasteria
2061 670 2173 741 ita,
2221 689 2296 727 ne
2342 670 2532 726 dicam
2581 687 2831 740 omnem,

591 766 750 819 certe
796 761 919 817 fere
967 779 1197 817 omnem
1244 758 1575 816 animarum
1633 778 1834 816 curam
1889 758 2140 833 gessisse
2197 756 2420 833 (Skene
2465 757 2564 829 II,
2611 779 2669 834 p.
2721 759 2830 833 72)

587 856 658 907 ut
703 848 975 907 monachi
1022 848 1114 906 vel
1162 848 1411 906 abbates
1442 848 1780 925 presbyteri
1809 848 2092 925 parvulos
2134 847 2515 924 baptizarent
2546 845 2830 921 (Adamn.

589 938 694 997 vit.
742 937 871 996 Col.
922 938 978 1009 2,
1028 937 1108 994 47
1161 958 1217 1014 p.
1267 937 1425 1009 215;
1476 938 1542 1008 2,
1594 938 1705 1009 63,
1755 958 1811 1014 p.
1863 937 2016 1012 220)
2079 936 2380 1013 improbos
2446 936 2831 1011 objurgantes

590 1027 959 1103 corrigerent
1004 1026 1109 1101 (ib.
1160 1028 1213 1101 1,
1251 1026 1352 1098 40,
1400 1047 1457 1103 Ρ.
1492 1026 1647 1099 212)
1693 1025 1884 1101 iisque
1929 1025 2336 1102 poenitentiae
2383 1045 2686 1083 mensuras
2732 1025 2830 1083 de·-

590 1116 831 1174 finirent
894 1116 998 1190 (ib.
1053 1115 1107 1186 1,
1162 1116 1259 1184 17,
1305 1136 1362 1192 p.
1415 1114 1587 1189 204),
1652 1114 2070 1173 eucharistiam
2129 1114 2192 1171 in
2252 1115 2526 1191 proxima
2586 1112 2831 1171 ecclesia

590 1204 1005 1263 celebrandam
1053 1210 1346 1275 curarent,
1394 1204 1539 1280 ipsis
1588 1204 1827 1278 synodis
1874 1203 2150 1262 adessent
2182 1203 2286 1278 (ib.
2324 1205 2379 1275 3,
2414 1202 2518 1275 85,
2565 1224 2622 1280 p.
2657 1203 2830 1277 228),

589 1293 843 1370 denique
912 1293 1362 1369 quibuscunque
1438 1292 1722 1351 laicorum
1800 1293 2118 1350 aerumniis
2190 1299 2476 1368 quantum
2552 1297 2832 1368 poterant

593 1402 793 1441 curam
841 1382 1194 1440 adhiberent
1240 1383 1343 1457 (ib.
1393 1402 1440 1439 e.
1488 1402 1545 1457 g.
1596 1382 1655 1454 2,
1706 1383 1806 1454 74,
1854 1401 1910 1458 p.
1961 1382 2136 1456 224).

771 1470 890 1531 Sed
936 1470 1109 1543 absit,
1156 1476 1225 1529 ut
1258 1476 1442 1551 ‘putes
1488 1472 1575 1528 ita
1605 1471 1934 1548 descriptas
1966 1471 2146 1528 fuisse
2177 1470 2310 1528 illas
2341 1463 2830 1529 monasteriorum

593 1560 928 1638 parochias,
999 1566 1067 1618 ut
1132 1560 1354 1618 nemini
1422 1560 1627 1618 liceret
1695 1560 1758 1617 in
1823 1560 2068 1617 alterius
2137 1559 2482 1617 monasterii
2550 1558 2832 1636 parochia

592 1649 935 1708 ministeriis
984 1648 1397 1707 ecclesiasticis
1442 1648 1629 1725 fungi,
1688 1684 1762 1691 —
1813 1668 1844 1705 e
1892 1650 2191 1707 contrario
2238 1648 2520 1725 permulti
2572 1648 2663 1704 illi
2708 1668 2828 1705 mo-

594 1738 794 1809 nachi,
856 1739 961 1814 qui
1005 1738 1227 1796 relictis
1287 1738 1501 1815 patriis
1546 1737 1890 1813 regionibus
1946 1738 2095 1797 alias
2142 1737 2368 1796 insulae
2413 1742 2616 1813 partes
2659 1756 2827 1813 pera-

594 1828 855 1903 grabant
900 1827 1044 1903 (vid.
1091 1827 1289 1902 infra),
1335 1826 1577 1885 minime
1617 1827 1792 1885 vetiti
1841 1833 2012 1885 erant
2057 1846 2164 1885 nec
2209 1827 2518 1903 baptizare
2549 1824 2827 1901 (Adamn.

595 1917 702 1976 vit.
735 1915 864 1976 Col.
909 1917 967 1988 2,
1003 1917 1105 1988 47,
1150 1936 1207 1991 p.
1243 1916 1398 1991 215)
1446 1936 1553 1973 nec
1599 1914 2020 1974 confitentibus
2049 1935 2288 1993 operam
2321 1915 2464 1973 dare
2497 1915 2602 1990 (ib.
2639 1915 2692 1983 1,
2730 1915 2828 1985 17,

594 2026 654 2081 Ρ.
705 2004 877 2080 204),
938 2006 1079 2062 item
1141 2005 1328 2075 absit,
1375 2010 1444 2063 ut
1508 2010 1684 2082 putes
1745 2005 2018 2063 omnibus
2078 2006 2452 2063 monasteriis
2511 2004 2664 2062 hanc
2708 2009 2830 2060 tam

598 2100 822 2151 arctam
869 2114 1001 2150 cum
1048 2093 1215 2151 laicis
1259 2093 1750 2152 necessitudinem
1782 2094 1962 2151 fuisse
2012 2099 2072 2151 et
2103 2114 2302 2151 omnes
2337 2092 2651 2151 monachos
2681 2092 2832 2149 hanc

599 2182 1015 2240 canonicorum
1062 2182 1317 2258 speciem
1361 2183 1720 2259 praebuisse,
1772 2217 1845 2228 --
1901 2204 1932 2241 6
1979 2183 2278 2241 contrario
2334 2184 2584 2240 alterum
2646 2180 2830 2258 quod-

598 2271 735 2329 dam
781 2276 843 2329 et
887 2271 1381 2329 monasteriorum
1427 2277 1487 2329 et
1526 2271 1946 2330 monachorum
1977 2291 2179 2348 genuS,
2227 2271 2718 2342 anachoreticum,
2764 2275 2835 2327 ut

596 2360 685 2419 ita
730 2360 941 2431 dicam,
987 2360 1051 2416 in
1099 2360 1345 2418 ecclesia
1376 2360 1689 2419 Scotorum
1731 2361 2028 2419 exstitisse
2074 2362 2232 2420 infra
2277 2359 2631 2431 videbimus3
2679 2378 2836 2416 nunc

593 2452 719 2524 jam
764 2455 998 2527 tempus
1046 2456 1153 2522 est,
1202 2456 1269 2507 ut
1300 2450 1603 2526 expositis,
1651 2470 1802 2526 quae
1850 2450 1922 2507 de
1955 2451 2446 2509 monasteriorum
2479 2448 2836 2506 auctoritate

600 2538 932 2615 generatim
964 2538 1213 2597 dicenda
1246 2547 1434 2611 erant,
1460 2540 1768 2598 redeamus
1791 2539 1868 2597 ad
1891 2540 2151 2615 priorem
2177 2559 2380 2597 earum
2407 2526 2837 2614 quaestionum,

602 2648 749 2704 quas
809 2648 991 2705 supra
1037 2629 1120 2704 (p.
1172 2628 1280 2703 57)
1344 2629 1777 2705 proposuimus.
1871 2629 2237 2702 Quaeramus
2299 2628 2485 2703 igitur
2532 2646 2673 2685 num
2721 2626 2838 2683 sin-

599 2717 805 2793 gulare
836 2716 1035 2788 fuerit,
1068 2717 1225 2791 quod
1258 2716 1443 2776 abbas
1477 2718 1745 2775 Hiiensis
1788 2719 2170 2794 presbyterus
2209 2722 2382 2776 tanta
2412 2716 2572 2793 apud
2605 2722 2839 2792 septen-

598 2805 885 2863 trionales
932 2803 1140 2863 Scotos
1189 2813 1251 2865 et
1294 2805 1454 2881 apud
1500 2826 1702 2864 omnes
1749 2806 1955 2865 Pictos
2000 2806 2254 2865 florebat
2299 2805 2674 2864 auctoritate.

780 2892 959 2951 Certo
1008 2894 1325 2970 singularis
1388 2902 1519 2953 erat
1579 2900 1640 2954 et
1700 2902 1870 2954 tanta
1930 2896 2256 2955 auctoritas
2319 2900 2410 2966 et,
2471 2894 2588 2951 nisi
2650 2893 2839 2963 fallor,

600 2987 773 3041 tanta
817 2983 1143 3041 auctoritas
1189 2983 1427 3043 abbatis
1473 2985 1824 3061 presbyteri.
1914 2984 2159 3045 Nullum
2205 2984 2361 3042 enim
2423 2982 2582 3041 aliud
2639 3000 2840 3039 mona·

602 3072 849 3131 sterium
896 3072 959 3129 in
1006 3073 1235 3131 cunctis
1277 3073 1514 3150 populis
1576 3073 1975 3151 principatum
2035 3074 2296 3132 tenuisse
2357 3090 2536 3149 supra
2599 3074 2680 3149 (p.
2732 3069 2839 3143 56)

594 3164 723 3236 jam
773 3160 1023 3219 vidimus
1060 3196 1141 3205 ———
1172 3182 1363 3237 neque
1410 3162 1521 3221 hoc
1566 3182 1750 3220 unum
1799 3165 2180 3240 conspicuum
2227 3168 2332 3220 est.
2395 3160 2586 3218 Immo
2635 3158 2840 3217 abbati

602 3250 841 3308 Hiiensi
902 3250 1081 3307 etiam
1131 3250 1439 3329 episcopos
1503 3252 1802 3327 subjectos
1849 3252 2027 3309 fuisse
2090 3272 2206 3309 non
2254 3252 2411 3309 solus
2455 3249 2624 3307 Beda
2670 3246 2838 3306 testis

602 3344 696 3396 est
742 3339 947 3415 (supra
989 3360 1047 3415 p.
1098 3340 1224 3416 57),
1272 3341 1375 3399 sed
1423 3341 1621 3412 etiam,
1670 3340 1914 3416 quinam
1959 3341 2183 3398 fuerint
2243 3340 2330 3397 illi
2387 3338 2665 3415 episcopi,
2719 3354 2837 3392 non

602 3427 966 3502 ignoramus:
1014 3427 1410 3487 Lismorensis
1458 3429 1680 3504 (Skene
1728 3430 1814 3501 Π,
1861 3451 1917 3503 Ρ.
1973 3430 2140 3504 133),
2189 3426 2690 3505 Oingaradhensis
2736 3422 2839 3499 (ib.

606 3522 666 3574 et
710 3516 791 3573 H.
838 3514 956 3572 and
1003 3514 1089 3575 St.
1138 3518 1225 3588 II,
1278 3521 1331 3591 1,
1378 3539 1433 3595 p.
1490 3520 1640 3593 107)
1687 3518 2194 3576 Lindisfarnensis
2242 3538 2371 3575 cum
2418 3516 2516 3588 iis,
2577 3516 2680 3592 qui
2727 3513 2843 3590 ipsi

608 3610 781 3663 erant
810 3605 1076 3679 subjecti.
1141 3607 1305 3683 Ergo
1338 3608 1632 3683 dignitate
1677 3606 1857 3664 simili
1903 3606 2327 3685 archiepiscopi
2360 3606 2544 3663 abbas
2576 3602 2844 3661 Hiiensis

606 3698 923 3752 exornatus
970 3702 1100 3754 erat
1159 3696 1327 3773 isque
1388 3716 1541 3753 unus
1602 3696 1664 3751 in
1711 3696 1958 3772 antiqua
2004 3694 2318 3755 Scotorum
2365 3694 2641 3764 ecclesia,
2704 3711 2844 3749 nam

605 3782 665 3840 in
713 3783 1011 3841 Hibernia
1056 3791 1201 3843 tunc
1247 3780 1535 3862 temporis
1582 3785 1892 3863 episcopos
1952 3786 2128 3843 alteri
2190 3785 2468 3863 episcopo
2515 3783 2608 3841 vel
2656 3780 2844 3839 archi-

604 3872 882 3951 episcopo
941 3872 1123 3932 fuisse
1186 3876 1511 3950 subjectos,
1584 3874 1812 3931 nullum
1883 3882 2081 3933 exstat
2145 3882 2312 3933 vetus
2383 3868 2844 3931 testimonium.¹

604 3961 875 4035 Accedit,
908 3983 980 4020 ne
1014 3962 1204 4021 dicam
1236 3964 1310 4021 de
1340 3962 1581 4020 Aidano
1612 3982 1752 4038 rege
1785 3983 1820 4020 a
1853 3962 2142 4022 Columba
2184 3968 2525 4022 consecrato
2559 3959 2844 4034 (Adamn.

604 4051 710 4109 vit.
758 4050 884 4109 Col.
937 4053 993 4124 3,
1042 4054 1145 4124 86,
1194 4074 1251 4129 p.
1287 4052 1459 4126 228),
1506 4051 1665 4127 quod
1712 4052 1896 4111 abbas
1945 4052 2212 4111 Hjiensis
2268 4053 2424 4110 solus
2467 4054 2564 4124 jus
2612 4064 2844 4107 excom-

606 4140 945 4199 municandi
992 4141 1304 4200 exercebat
1349 4141 1454 4216 (ib.
1504 4142 1563 4215 2,
1613 4137 1715 4213 58,
1763 4162 1820 4219 p.
1856 4142 2029 4217 218),
2078 4162 2208 4199 611111
2256 4142 2316 4200 in
2357 4139 2654 4199 Hibernia
2699 4137 2847 4195 haec

788 4333 807 4362 ¹
848 4331 937 4384 De
975 4332 1298 4400 principatu
1336 4331 1484 4384 sedis
1528 4331 1960 4385 Ardmachanae
1999 4331 2116 4384 vid.
2157 4349 2327 4398 supra
2365 4348 2420 4398 p.
2461 4331 2527 4383 56
2567 4333 2687 4382 not.
2731 4329 2780 4381 3.
