3259 5084
1541 239 1972 298 —46—

639 420 1032 496 colligendum
1094 419 1198 491 sit,
1261 417 1610 478 Columbam
1668 420 1793 492 jam
1852 419 2087 478 novisse
2142 418 2470 476 Hiberniae
2530 419 2881 496 apostolum,

636 508 880 568 maximi
935 508 1220 567 momenti
1276 514 1392 581 est,
1457 507 1616 584 quod
1671 507 1827 566 idem
1875 506 2164 566 Columba
2222 506 2527 585 episcopos
2582 508 2881 568 Romanos

635 598 1044 656 Hibernorum
1108 596 1425 673 magistros
1491 596 1821 674 appellavit
1881 599 1998 673 (ep.
2044 595 2138 654 IV
2184 596 2277 653 ad.
2324 596 2474 654 Bon.
2534 618 2671 674 pap.
2718 596 2881 654 Bibl.

637 707 790 744 max.
837 692 992 764 patr.
1039 685 1192 758 XII,
1239 707 1295 762 p.
1346 685 1428 743 25
1478 684 1578 760 G).

812 774 1031 852 Itaque
1103 774 1263 851 quod
1334 780 1529 833 exstat
1599 774 1857 832 omnium
1926 774 2001 832 de
2071 773 2337 832 Patricio
2405 773 2879 833 testimoniorum

634 864 1110 940 antiquissimum
1155 864 1376 941 optime
1431 863 1689 940 quadrat
1741 863 1841 935 iis,
1890 883 2041 940 quae
2089 861 2455 922 Tirechanus
2500 863 2574 921 de
2628 862 2881 921 Patricii

633 951 952 1012 itineribus
996 952 1278 1030 prodidit.

811 1041 928 1099 His
973 1041 1260 1118 expositis
1300 1043 1426 1114 jam
1473 1046 1710 1117 tempus
1758 1046 1873 1112 est,
1930 1048 2000 1100 ut
2043 1041 2489 1119 perscrutandis
2533 1041 2719 1118 ipsius
2763 1039 2879 1098 Pa·-

633 1130 821 1202 tricii,
889 1149 1040 1205 quae
1084 1131 1384 1200 feruntur,
1446 1129 1685 1204 scriptis
1741 1149 1981 1205 operam
2038 1129 2259 1188 demus.
2351 1127 2537 1188 Absit
2580 1150 2747 1200 vere,
2811 1136 2883 1187 ut

633 1219 848 1294 loquar
908 1218 980 1275 de
1041 1219 1313 1274 omnibus
1375 1216 1626 1275 Patricii
1687 1219 1985 1293 opusculis
2046 1239 2083 1276 a
2127 1219 2385 1277 Waraeo
2450 1221 2629 1293 (anno
2683 1218 2879 1293 1656)

633 1306 836 1378 editis,
906 1326 1043 1364 nam
1107 1307 1221 1364 etsi
1281 1306 1566 1364 nonnulla
1625 1325 1828 1364 eorum
1877 1308 2003 1380 jam
2058 1307 2123 1365 in
2168 1307 2491 1366 canonibus
2534 1306 2880 1366 Hibernicis

631 1395 896 1453 Patricio
943 1394 1238 1454 attributa
1281 1399 1422 1454 sunt
1467 1393 1702 1469 (XXV,
1753 1396 1790 1453 3
1825 1395 2345 1454 Wasserschleben
2394 1395 2477 1454 Ir.
2510 1395 2655 1456 Can.
2702 1417 2759 1473 p.
2796 1396 2871 1452 91

633 1490 696 1541 et
741 1483 993 1555 XXIX,
1045 1486 1080 1541 7
1129 1505 1185 1561 p.
1224 1484 1392 1560 119),
1440 1489 1641 1542 tamen
1686 1484 1845 1542 inter
1890 1504 2091 1542 omnes
2138 1489 2369 1542 constat
2413 1485 2669 1562 plurima
2714 1485 2874 1542 adul-

633 1572 827 1630 terina
875 1593 1002 1631 esse
1050 1573 1148 1647 (cf.
1195 1573 1275 1630 H.
1323 1572 1442 1632 and
1487 1571 1576 1632 St.
1622 1573 1713 1646 II,
1746 1575 1805 1646 -2,
1852 1595 1910 1650 p.
1945 1574 2116 1648 327).
2209 1573 2425 1649 Itaque
2472 1593 2591 1632 non
2638 1573 2755 1632 nisi
2806 1573 2877 1630 de

633 1662 708 1719 iis
755 1661 1066 1720 dicendum
1113 1667 1230 1734 est,
1303 1681 1454 1738 quae
1511 1662 1771 1737 genuina
1825 1661 2081 1721 Patricii
2136 1662 2361 1739 scripta
2404 1661 2703 1720 habentur
2749 1681 2877 1720 cum

633 1752 709 1808 ab
757 1751 888 1810 aliis
932 1757 1062 1809 tum
1108 1772 1144 1808 a
1189 1751 1334 1810 viris
1381 1751 1737 1810 doctissimis
1769 1751 1849 1810 H.
1883 1753 2001 1810 and
2032 1749 2119 1809 St.
2213 1751 2289 1808 In
2339 1769 2589 1827 quorum
2636 1770 2878 1808 numero

633 1858 765 1896 cum
824 1839 1152 1898 invenirem
1196 1838 1451 1898 Patricii
1505 1839 1803 1898 canticum
1851 1839 2175 1900 Scotticum
2230 1840 2337 1916 (H.
2384 1839 2504 1898 and
2549 1838 2638 1900 St.
2686 1840 2773 1912 II,
2822 1841 2878 1911 2,

633 1947 691 2003 p.
727 1927 853 1984 320
887 1930 1064 2005 sqq.),
1107 1929 1286 1987 valde
1330 1928 1582 1988 miratus
1625 1950 1775 1988 sum.
1834 1928 1989 1989 Nam
2036 1948 2226 2006 neque
2274 1928 2593 2005 quicquam
2638 1928 2701 1986 in
2749 1930 2877 2004 ipso

633 2015 890 2073 carmine
921 2016 1250 2075 Patricium
1281 2022 1584 2077 auctorem
1613 2018 1796 2076 fuisse
1826 2018 2051 2078 indicat
2084 2038 2277 2094 neque
2308 2020 2623 2078 verborum
2655 2019 2879 2076 formae

632 2103 886 2163 Patricii
931 2106 1298 2181 temporibus
1348 2106 1647 2181 quadrant
1693 2107 1788 2180 (cf.
1822 2107 2149 2164 Windisch.
2196 2106 2423 2164 Irische
2474 2106 2662 2164 Texte
2708 2128 2765 2184 p.
2813 2107 2878 2180 3)

631 2212 826 2268 neque
884 2193 1069 2264 latet,
1141 2213 1324 2268 quam,
1379 2193 1499 2250 vim
1560 2191 1823 2250 habeant
1886 2194 2121 2252 omnino
2178 2213 2585 2268 quaecumque
2632 2195 2693 2251 in
2739 2195 2878 2252 libri

631 2281 1006 2356 Hymnorum
1063 2280 1534 2358 praefationibus
1593 2281 1668 2338 de
1728 2280 2093 2356 singulorum
2156 2281 2483 2340 carminum
2538 2283 2878 2340 auctoribus

633 2371 1034 2429 inveniuntur.
1124 2369 1355 2442 Quibus
1411 2369 1484 2428 de
1539 2369 1733 2428 causis
1788 2369 2085 2428 canticum
2146 2368 2322 2440 illud,
2394 2371 2558 2442 cujus
2623 2369 2874 2444 primam

632 2460 990 2518 mentionem
1046 2459 1314 2516 fecerunt
1367 2457 1775 2516 additamenta
1822 2456 2140 2515 Tirechani
2186 2458 2313 2533 (lib.
2360 2456 2572 2518 Ardm.
2621 2456 2873 2514 Betham

633 2547 729 2620 II,
775 2569 915 2626 app.
977 2567 1033 2624 p.
1080 2545 1428 2622 XXXVI),
1497 2567 1532 2606 a
1576 2546 1843 2606 Patricio
1901 2548 2127 2606 factum
2186 2566 2307 2604 non
2363 2565 2487 2604 esse
2546 2565 2656 2622 pro
2714 2552 2873 2604 certo

631 2637 968 2698 habendum
1025 2643 1130 2696 est.
1225 2635 1560 2694 Genuinum
1619 2636 1671 2694 si
1725 2641 1881 2694 esset
1934 2635 2187 2696 Patricii
2241 2655 2413 2711 opus,
2472 2634 2551 2692 ad
2612 2640 2875 2694 nostram

636 2727 1038 2801 quaestionem
1072 2726 1298 2783 nullum
1331 2724 1540 2784 afferet
1567 2730 1947 2784 momentum.
2010 2724 2184 2782 Licet
2214 2725 2409 2800 igitur
2434 2724 2512 2782 de
2552 2744 2621 2781 eo
2661 2729 2875 2782 tacere.

812 2813 1052 2872 Mallem
1097 2819 1294 2871 tacere
1341 2813 1522 2870 ctiam
1569 2812 1643 2870 de
1690 2813 2052 2872 confessione
2092 2813 2345 2872 Patricii
2390 2818 2451 2870 et
2496 2812 2569 2870 de
2616 2812 2877 2886 ejusdem

635 2900 891 2977 epistula
937 2899 1020 2958 ad
1066 2897 1406 2958 christianos
1439 2896 1694 2959 Cor-obici
1732 2899 1972 2977 tyranni
1998 2897 2256 2960 subditos
2287 2900 2393 2974 (H.
2424 2900 2542 2958 and
2575 2899 2662 2957 St.
2695 2900 2783 2972 II,
2819 2902 2875 2971 2,

631 3010 690 3067 p.
745 2990 869 3046 296
919 3009 1049 3064 sqq.
1109 2994 1174 3047 et
1228 2988 1355 3046 314
1413 2990 1593 3064 sqq.),
1666 3008 1818 3064 quae
1877 2988 2137 3065 genuina
2196 2987 2449 3046 Patrieii
2510 3007 2691 3064 opera
2750 3009 2876 3048 esse

639 3099 840 3138 omnes
899 3079 1022 3135 fere
1084 3076 1476 3135 consentiunt.
1567 3078 1721 3136 Nam
1783 3096 1935 3152 quae
1996 3076 2068 3134 de
2126 3076 2220 3134 his
2282 3075 2521 3152 scriptis
2583 3077 2878 3136 exsistunt

637 3168 1039 3244 quaestiones,
1097 3166 1335 3225 omnino
1381 3165 1444 3224 in
1489 3165 1789 3242 praesenti
1834 3165 1983 3224 solvi
2030 3185 2147 3223 non
2192 3184 2365 3242 posse
2409 3165 2713 3238 videntur,
2775 3186 2874 3222 ne-

635 3257 774 3314 dum
821 3278 856 3314 a
901 3275 1010 3313 me.
1102 3254 1557 3314 Vetustissimus
1614 3254 1771 3312 enim
1828 3254 1998 3330 isque
2052 3255 2223 3314 valde
2279 3254 2593 3312 mendosus
2652 3256 2872 3314 confes·

635 3345 816 3402 sionis
863 3345 1046 3402 codex
1093 3351 1290 3404 exstat
1335 3345 1399 3401 in
1443 3343 1594 3401 libro
1643 3343 2089 3416 ArdmachanO,
2158 3343 2415 3420 epistula
2475 3343 2731 3420 primum
2788 3343 2873 3400 in-

635 3433 875 3491 venitur
919 3433 980 3489 in
1029 3433 1228 3492 codice
1277 3432 1530 3509 quodam
1576 3433 1728 3490 Mus.
1774 3433 1930 3490 Brit.
1972 3431 2211 3490 Cotton.
2257 3433 2419 3491 Nero
2464 3431 2519 3489 E
2557 3432 2586 3489 1
2641 3436 2701 3489 et
2744 3432 2874 3508 ipso

637 3521 1060 3579 confessionem
1119 3542 1352 3598 quoque
1408 3520 1753 3580 continenti.
1862 3519 2169 3578 Trecentis
2231 3521 2417 3596 igitur
2471 3527 2533 3579 et
2588 3521 2874 3596 quinqua-

635 3610 804 3686 ginta
849 3609 1020 3668 annis
1065 3616 1202 3687 post
1248 3609 1498 3669 Patricii
1543 3614 1791 3666 mortem
1836 3608 2273 3668 vetustissimus
2330 3609 2433 3685 qui
2489 3614 2684 3668 exstat
2741 3629 2874 3667 con-

634 3698 904 3758 fessionis
947 3699 1132 3757 codex
1179 3705 1267 3757 est
1313 3698 1698 3775 conscriptus.
1757 3697 1967 3772 Neque
2012 3697 2187 3756 ullius
2234 3698 2515 3756 momenti
2562 3704 2669 3770 est,
2719 3697 2876 3774 quod

635 3808 670 3845 a
715 3785 1019 3864 volumine,
1069 3787 1226 3868 quod
1269 3783 1564 3846 Patricius
1608 3805 1792 3844 manu
1835 3784 2173 3864 comm'psv't
2218 3805 2325 3844 swa
2370 3786 2704 3862 descriptus
2748 3807 2874 3846 esse

635 3877 895 3936 traditur
940 3877 1066 3952 (lib.
1114 3876 1324 3934 Ardm.
1372 3875 1627 3934 Betham
1670 3873 1738 3930 II
1786 3895 1921 3951 app.
1968 3896 2025 3950 p.
2058 3874 2223 3950 LV);
2272 3895 2409 3932 nam
2454 3876 2586 3950 quis
2632 3875 2875 3935 librario

638 3966 878 4024 credat?
947 3964 1163 4041 Itaque
1210 3985 1338 4022 cum
1389 3963 1573 4021 codex
1619 3962 1759 4020 libri
1807 3962 2216 4022 Ardmachani
2262 3963 2487 4022 mendis
2544 3969 2769 4024 scateat
2816 3970 2877 4020 et

635 4055 864 4114 lacunis
893 4074 1070 4131 saepe
1101 4054 1461 4112 deformatus
1493 4053 1590 4125 sit,
1638 4057 1700 4111 et
1745 4073 1877 4112 eum
1921 4051 2268 4128 posterioris
2315 4052 2600 4128 temporis
2645 4052 2875 4111 codices

636 4143 1074 4216 additamentis,
1119 4147 1188 4200 ut
1231 4140 1496 4198 nonnulli
1541 4146 1777 4220 putant,
1824 4140 2162 4217 saepissime
2208 4141 2366 4198 aucti
2414 4141 2535 4200 sint
2568 4175 2668 4213 -—‚
2723 4161 2877 4216 quae

636 4233 860 4291 fuerint
904 4229 1286 4289 confessionis
1317 4229 1502 4288 verba
1533 4229 1859 4308 disceptari
1889 4249 2007 4286 non
2040 4234 2265 4305 potest3
2312 4249 2503 4305 neque
2535 4229 2872 4302 defuerunt,

640 4320 742 4396 qui
801 4320 961 4378 aliud
1017 4340 1051 4376 a
1103 4317 1366 4377 librariis
1422 4318 1691 4379 additum
1747 4318 1907 4378 aliud
1964 4318 2243 4379 omissum
2304 4339 2432 4377 esse
2492 4338 2563 4376 cx
2629 4318 2875 4379 libidine
