3259 5084
1525 191 1965 300 ..fflssd

627 419 856 480 tatione
917 420 990 478 de
1047 419 1313 479 Patricio
1375 425 1436 478 et
1491 419 1791 492 Palladio,
1852 421 1925 478 de
1986 419 2471 479 annotationibus
2528 418 2871 479 Hibernicis

629 509 1036 570 disserendum
1081 509 1212 568 erit.
2787 566 2796 578 ,

807 597 902 657 Ac
947 598 1205 676 primum
1253 599 1491 676 quidem
1539 597 1611 656 de
1659 597 2046 657 annotatione
2091 597 2165 655 de
2194 597 2459 656 Patricio
2491 602 2551 656 et
2580 598 2868 656 Palladio.

630 688 816 760 Haec,
881 708 1013 746 cum
1060 693 1199 746 ante
1247 708 1466 746 annum
1514 688 1641 745 807
1694 687 2027 765 conscripta
2058 687 2153 745 -sit
2199 687 2341 763 (vid.
2388 708 2549 765 supr.
2570 703 2575 709 ·
2598 687 2671 745 de
2718 687 2871 744 libro

629 775 950 835 Ardmach.
996 798 1054 855 p.
1105 777 1234 853 32),
1296 776 1635 835 testimonio
1698 783 1787 834 est
1845 777 2089 834 ineunte
2150 777 2381 835 saeculo
2440 795 2597 834 nono
2662 774 2871 834 Scotos

628 866 931 943 putavisse
977 865 1311 924 Patricium
1367 865 1608 926 missum
1656 885 1783 924 esse
1830 887 1865 924 a
1912 864 2249 924 Coelestino
2295 887 2470 943 papa.
2563 865 2868 938 Quomodo

628 954 843 1012 missus
899 954 978 1012 sit
1021 955 1059 1012 i.
1107 975 1156 1012 e.
1200 960 1402 1013 utrum
1463 956 1590 1032 ipse
1639 953 2009 1013 Ooelestinus
2054 954 2307 1028 Romae,
2368 975 2443 1012 an
2500 954 2651 1012 alius
2699 957 2871 1029 jussu

633 1063 826 1120 papae
881 1043 998 1101 alio
1058 1043 1188 1101 loco
1234 1043 1562 1102 Patricium
1609 1043 1949 1120 episcopum
1996 1044 2454 1116 consecraverit,
2515 1044 2645 1120 ipsa
2690 1064 2869 1102 anno-

628 1132 777 1190 tatio
840 1153 958 1190 non
1021 1132 1367 1209 explicavit,
1429 1136 1626 1190 tamen
1685 1133 1760 1190 ab
1815 1133 1925 1190 hac
1980 1133 2365 1191 annotatione
2410 1132 2733 1210 repetenda
2782 1139 2871 1192 est

631 1221 799 1296 origo
849 1240 1048 1278 earum
1078 1220 1503 1293 narrationum,
1553 1241 1701 1296 quas
1733 1221 2079 1298 posterioris
2110 1222 2395 1298 temporis
2426 1221 2587 1280 vitae
2617 1221 2871 1280 Patricii

629 1309 912 1368 exhibent
958 1315 1268 1369 narrantes
1313 1310 1390 1368 ab
1436 1310 1564 1388 ipso
1607 1309 1943 1369 Goelestino
1974 1310 2304 1368 Patricium
2351 1311 2413 1368 in
2460 1310 2868 1388 episcoporum

626 1417 932 1455 numerum
965 1418 1090 1458 esse
1122 1403 1424 1476 receptum
1458 1399 1566 1475 (sic
1597 1418 1671 1456 ex
1700 1399 1844 1458 vitis
1876 1419 2057 1476 supra
2089 1421 2147 1477 p.
2178 1400 2260 1457 32
2286 1420 2373 1477 sq.
2400 1399 2869 1457 commemoratis

627 1486 788 1546 vitae
833 1487 944 1546 sub
993 1487 1208 1544 5—-10
1242 1490 1661 1563 enumeratae).
1739 1488 1905 1561 Quae
1946 1508 2076 1546 cum
2108 1488 2194 1546 ita
2224 1488 2361 1560 sint,
2410 1494 2661 1566 apparet
2692 1508 2867 1565 quam

626 1595 938 1654 perperam
988 1574 1330 1649 Schoellius,
1379 1597 1511 1635 cum
1559 1575 1765 1634 eadem
1812 1576 1883 1634 de
1930 1575 2197 1636 Patricio
2244 1597 2280 1634 a
2326 1576 2664 1635 Coelestino
2711 1596 2867 1654 papa

627 1668 968 1723 consecrato
1029 1665 1318 1723 narratio-
1354 1665 1622 1724 exeuntis
1684 1664 1901 1723 saeculi
1962 1666 2105 1724 noni
2163 1667 2533 1742 temporibus
2580 1665 2759 1724 etiam
2806 1666 2867 1722 in

627 1751 832 1812 Gallia
879 1760 1152 1812 occurrat
1196 1754 1355 1831 apud
1401 1753 1710 1812 Heiricum
1757 1755 2341 1814 Autissiodorensem
2374 1755 2686 1830 (Miracula
2718 1753 2865 1812 Ger-

627 1843 787 1900 mani
844 1840 984 1901 Act.
1033 1841 1139 1901 SS.
1187 1842 1340 1900 Boll.
1387 1843 1540 1902 Julii
1586 1843 1665 1901 31
1728 1864 1776 1900 c.
1822 1843 1909 1917 II,
1969 1845 2047 1901 21
2114 1865 2171 1922 p.
2222 1844 2396 1920 259),
2452 1844 2727 1922 opinatus
2790 1844 2869 1902 sit

627 1931 894 2008 (Herzog
938 1931 1014 1990 R.
1045 1931 1118 1989 E.
1172 1932 1245 1988 11
1300 1953 1356 2009 p.
1407 1931 1564 2012 208)
1609 1932 2012 1990 narrationem
2056 1933 2220 1991 illam
2267 1933 2338 1991 de
2378 1933 2645 1992 Patricio
2674 1933 2868 1990 Roma

625 2020 804 2078 misso
867 2021 930 2077 in
993 2018 1190 2078 Gallia
1255 2039 1380 2078 esse
1446 2021 1774 2079 confictam.
1882 2022 2099 2094 Imm0,
2172 2042 2303 2080 cum
2363 2021 2641 2080 Heiricus
2702 2020 2868 2080 Scoti

627 2107 932 2182 cujusdam
963 2108 1291 2184 discipulus
1322 2109 1503 2166 fuisse
1533 2109 1811 2166 tradatur
1844 2111 1987 2184 (vid.
2020 2110 2441 2182 wattenbach,
2490 2109 2865 2168 Geschichts-

627 2196 876 2272 quellen.
949 2197 1006 2252 4.
1054 2192 1229 2253 Aufl.
1288 2195 1338 2267 Ι,
1395 2216 1452 2273 p.
1503 2194 1659 2270 244)
1719 2196 1848 2273 ipsa
1903 2197 2134 2254 Heirici
2192 2198 2457 2255 narratio
2520 2198 2867 2274 comprobat

624 2283 836 2343 Scotos
881 2289 1026 2342 tunc
1069 2290 1312 2362 putasse
1358 2282 1715 2355 Patricium,
1776 2283 2062 2342 Germani
2107 2285 2547 2356 amicissimum,
2612 2287 2688 2343 ab
2735 2287 2865 2362 ipso

625 2372 962 2433 Coelestino
995 2377 1400 2432 consecratum
1434 2371 1628 2430 Roma
1675 2391 1749 2430 ex
1779 2373 1925 2431 urbe
1970 2373 2215 2432 missum
2248 2393 2371 2432 esse
2402 2373 2463 2430 in
2494 2373 2862 2431 Hiberniam.

623 2462 840 2539 Itaque
895 2461 1040 2539 quid
1093 2463 1334 2536 mirum,
1399 2461 1556 2540 quod
1610 2482 1680 2519 ea
1725 2461 1855 2538 ipsa
1902 2462 2028 2521 vita
2071 2461 2345 2534 Patricii,
2407 2481 2559 2538 quae
2603 2461 2697 2520 his
2743 2463 2863 2520 fere

621 2551 1018 2628 temporibus·
1039 2551 1372 2629 conscripta
1419 2555 1511 2610 est
1557 2549 1749 2628 (Oolg.
1782 2550 1877 2610 IV
1922 2571 2104 2629 supra
2148 2572 2207 2629 p.
2256 2551 2361 2624 32,
2411 2550 2493 2626 5),
2542 2570 2673 2607 611111
2719 2550 2864 2608 Η61-

622 2639 733 2697 1161
790 2640 1136 2699 narratione
1195 2639 1492 2700 consentit
1535 2639 1717 2699 etiam
1765 2639 1837 2697 de
1886 2638 2185 2700 Germano
2232 2638 2565 2698 Patricium
2608 2639 2865 2697 Romam

551 2771 559 2777 .
624 2727 900 2786 mittente
914 2728 943 2784 *Ρ

803 2815 976 2874 Alias
1022 2837 1116 2874 res
1146 2816 1442 2874 Muirchui
1471 2817 1616 2889 vita,
1664 2837 1699 2874 a
1732 2837 1850 2893 qua
1880 2818 2008 2876 vita
2040 2817 2206 2893 Colg.
2238 2817 2310 2874 II
2342 2818 2548 2894 (supra
2578 2836 2634 2892 p.
2664 2817 2765 2888 32,
2801 2817 2867 2891 4)

627 2909 689 2962 et
709 2903 990 2962 historiae
1015 2903 1334 2962 Britonum
1359 2924 1511 2981 quae
1535 2904 1741 2962 addita
1766 2909 1905 2962 sunt
1926 2905 2179 2964 Patricii
2203 2910 2337 2962 acta
2362 2907 2567 2982 (supra
2588 2924 2647 2981 p.
2672 2906 2772 2976 32,
2802 2907 2867 2980 2)

626 2993 896 3070 profecta
951 2997 1090 3050 sunt
1107 2991 1150 3065 1,
1209 2993 1524 3051 memoriae
1571 2991 1854 3071 prodidit.
1945 2994 2167 3053 Narrat
2215 2992 2369 3050 enim
2415 2992 2743 3051 Patricium
2791 2994 2867 3051 ab

626 3081 920 3140 Hibernia
965 3082 1313 3160 profectum,
1359 3089 1423 3140 ut
1465 3079 1683 3140 videret
1727 3079 1921 3139 sedem
1964 3077 2345 3161 apostolicam
2390 3090 2442 3140 et
2486 3080 2727 3142 disceret
2771 3101 2864 3140 sa-

615 3169 907 3248 pientiam
967 3169 1189 3248 (Oapit.
1237 3167 1402 3228 Aidi.
1461 3169 1719 3228 Betham
1772 3167 1860 3242 II,
1919 3191 2055 3249 app.
2102 3192 2159 3248 p.
2206 3170 2451 3248 VLIII)
2511 3171 2743 3230 venisse
2802 3171 2865 3228 in

625 3259 881 3317 Galliam
945 3259 1022 3318 ad
1081 3258 1172 3318 St.
1233 3257 1612 3318 Germanum.
1718 3259 1843 3318 Ubi
1913 3280 2045 3317 cum
2103 3263 2438 3318 moraretur
2499 3281 2631 3318 cum
2692 3260 2865 3318 sociis

623 3346 888 3420 Auxilio,
935 3347 1224 3421 Ι661111110,
1273 3347 1424 3419 aliis,
1471 3348 1690 3408 famam
1738 3368 1862 3406 esse
1909 3349 2151 3407 allatam
2199 3347 2271 3405 de
2302 3348 2575 3407 Palladio
2608 3348 2862 3406 Romam

619 3455 932 3494 reversuro
981 3441 1042 3495 et
1084 3437 1148 3494 in
1179 3435 1530 3495 Britonibus
1560 3443 1813 3496 mortuo.
1892 3437 2023 3510 Quo
2055 3436 2267 3494 nuntio
2300 3436 2502 3494 audito
2534 3437 2863 3495 Patricium

620 3529 919 3602 receptum
967 3526 1044 3582 ab
1091 3526 1364 3604 episcopo
1396 3523 1805 3600 Amathorege
1851 3527 1948 3600 (cf.
1984 3524 2180 3584 Skene
2210 3523 2297 3596 II,
2343 3546 2401 3602 p.
2437 3527 2560 3583 431
2597 3527 2719 3585 not.
2758 3527 2863 3601 19)

621 3612 685 3670 in
731 3613 1140 3691 episcoporum
1187 3635 1494 3673 numerum
1538 3615 1598 3672 in
1633 3613 1988 3672 Hiberniam
2019 3612 2281 3685 rediisse,
2326 3619 2395 3671 ut
2426 3614 2685 3672 Palladii
2716 3634 2865 3692 opus

623 3701 940 3780 exciperet.
987 3702 1203 3780 Itaque
1235 3709 1389 3763 teste
1413 3703 1725 3761 Muirchuo
1746 3701 2045 3760 Patricius
2078 3702 2314 3760 omnino
2338 3702 2565 3762 Romae
2588 3723 2707 3761 non
2730 3704 2862 3763 fuit.

799 3790 1026 3850 Contra
1071 3791 1464 3863 TirechanuS,
1530 3791 1635 3868 qui
1694 3792 1767 3849 de
1813 3791 2087 3850 Palladio
2136 3796 2195 3849 et
2244 3790 2577 3850 Coelestino
2624 3793 2862 3851 omnino

619 3879 804 3939 verba
835 3899 954 3938 non
986 3881 1145 3954 fecit,
1180 3900 1536 3958 quamquam
1570 3885 1632 3938 et
1661 3880 1789 3958 ipse
1822 3900 1895 3938 ex
1928 3879 2125 3940 Gallia
2158 3879 2235 3939 ad
2266 3879 2863 3942 Hiberniamnavem

714 4073 720 4078 ·
767 4055 788 4086 ²
825 4053 1037 4108 Tamen
1072 4057 1312 4122 utraque
1347 4052 1469 4106 vita
1506 4049 1792 4107 Muirchui
1828 4053 2212 4107 narrationem
2252 4053 2334 4105 ita
2372 4054 2628 4119 mutavit,
2666 4057 2732 4108 ut
2756 4053 2861 4108 Pa-

624 4122 853 4184 tricium
890 4143 1017 4180 cum
1057 4125 1324 4193 episcopo
1361 4124 1622 4178 Romano
1664 4125 1875 4178 arctius
1914 4125 2307 4194 conjungeret,
2346 4141 2490 4188 nam,
2514 4126 2674 4194 prior
2702 4127 2863 4194 jussu

666 4213 807 4264 apae
854 4195 1167 4250 Patricium
1213 4196 1284 4250 ab
1334 4195 1723 4263 Amathorege
1774 4199 2159 4250 consecratum
2208 4211 2330 4250 esse
2379 4200 2574 4249 narrat
2620 4196 2857 4265 (Schffll,

620 4215 851 4350 Herzog
899 4267 968 4320 R.
1018 4265 1084 4320 E.
1136 4267 1198 4320 11
1249 4284 1304 4341 p.
1355 4265 1510 4334 207),
1577 4267 1759 4319 altera
1808 4265 2047 4320 Romam
2100 4283 2223 4319 eum
2277 4267 2588 4335 perrexisse
2641 4267 2862 4322 addidit

621 4336 920 4406 (Nenmus,
963 4337 1276 4412 1116113111.
1319 4337 1350 4408 ξ
1393 4337 1503 4404 50).
2378 4363 2383 4369 -
2820 4362 2827 4368 ·
