3259 5084
1340 224 1778 280 -67—

618 398 764 471 Sed,
812 398 1083 476 quamvis
1128 399 1499 477 repudianda
1544 400 1623 459 sit
1669 400 1816 457 haec
1862 398 2069 459 Skenii
2115 402 2438 474 sententia,
2484 406 2685 460 tamen

430 487 875 547 observandum
922 492 1029 559 est,
1078 507 1256 564 quam
1304 508 1479 565 saepe
1526 490 1804 548 occurrat
1849 488 2010 565 apud
2055 487 2264 548 Scotos
2311 487 2408 548 Sti
2438 490 2689 549 Martini

436 597 653 636 nomen
702 578 798 652 (cf.
831 576 1091 635 Warren
1136 577 1247 635 loc.
1292 576 1353 634 in
1401 576 1595 635 indice
1641 580 1890 654 comm),
1939 596 2115 653 quam
2148 583 2388 637 vetusta
2417 578 2496 637 sit
2527 578 2686 656 apud

431 685 540 724 eos
586 665 777 724 sancti
830 664 991 722 illius
1045 664 1353 723 veneratio
1401 666 1497 740 (cf.
1542 665 1760 739 Jonas,
1807 665 1914 725 vit.
1962 665 2088 725 Col.
2136 665 2292 727 Lux.
2337 667 2498 725 Mab.
2544 664 2686 725 Act.

432 751 547 812 SS.
595 752 683 826 II,
730 774 865 812 ann.
918 752 1063 826 615,
1115 753 1217 823 44,
1262 774 1322 831 p.
1372 754 1474 826 23,
1522 756 1594 813 cf.
1628 755 1732 826 42,
1779 775 1836 832 p.
1871 756 1989 826 223
2032 754 2372 828 Adamnan,
2418 756 2526 815 vit.
2559 754 2685 813 Col.

438 842 671 900 Hiiens.
722 843 779 914 3,
829 843 931 913 90,
979 861 1035 918 p.
1086 842 1258 918 229).
1338 842 1471 915 Qua
1516 844 1589 902 de
1638 864 1815 902 causa
1859 842 2120 919 aliquam
2165 863 2426 919 unquam
2466 844 2685 903 Hiber-

435 931 533 989 nis
589 948 721 989 cum
768 920 864 989 Sti
908 930 1157 989 Martini
1200 930 1559 989 monasterio
1606 931 2100 990 necessitudinem
2143 932 2324 991 fuisse
2368 950 2478 1009 pro
2525 938 2685 991 certo

435 1018 779 1077 vhabendum
826 1016 998 1077 est.²-
1045 1018 1163 1078 Sed
1210 1020 1405 1095 qualis
1449 1021 1546 1078 vel
1594 1021 1830 1096 quando
1875 1020 2074 1093 fuerit,
2121 1020 2183 1077 in
2231 1021 2482 1080 obscuro
2520 1020 2686 1079 latet.

440 1107 724 1166 Fortasse
763 1110 891 1182 jam
934 1106 1063 1186 ipse
1107 1108 1408 1167 Patricius
1453 1108 1515 1165 in
1561 1109 1768 1168 multis
1811 1109 1932 1167 suis
1976 1108 2292 1167 itineribus
2339 1108 2520 1167 etiam
2566 1107 2686 1167 Tu-

438 1216 617 1254 rones
662 1196 844 1255 venit.
937 1196 1092 1256 Nam
1140 1196 1269 1274 ipso
1315 1196 1581 1257 Patricio
1627 1202 1889 1257 testante
1929 1200 2056 1273 jam
2100 1202 2243 1256 tunc
2287 1197 2354 1256 in
2392 1197 2687 1257 Hibernia

433 1290 617 1343 erant
661 1283 935 1343 monachi
981 1291 1043 1345 et
1086 1285 1349 1362 virgines
1395 1285 1621 1345 Christi
1653 1286 1987 1363 (Confessio
2033 1308 2092 1364 p.
2143 1287 2270 1343 308
2317 1286 2398 1344 H.
2447 1285 2566 1345 and
2597 1284 2685 1345 St.

440 1366 529 1445 11,
578 1374 661 1449 2).
736 1373 969 1448 Itaque,
1017 1374 1133 1433 etsi
1178 1393 1345 1431 amor
1389 1375 1489 1432 ille
1544 1375 1708 1434 vitae
1753 1375 2128 1433 monachicae
2177 1380 2238 1433 et
2267 1375 2687 1433 monachorum

436 1462 545 1521 illa
606 1461 901 1519 mirabilis
962 1462 1287 1521 auctoritas
1332 1462 1584 1522 Patricii
1645 1464 2014 1541 temporibus
2075 1463 2139 1520 in
2185 1463 2483 1521 Hibernia
2528 1462 2688 1521 haud

436 1550 625 1609 dubie
672 1570 790 1609 non
832 1553 955 1625 jam
1002 1556 1152 1624 erat,
1198 1559 1401 1612 tamen
1440 1555 1567 1628 jam
1610 1559 1756 1612 tunc
1800 1552 1928 1611 vita
1973 1551 2316 1609 monachica
2363 1552 2424 1608 in
2468 1552 2689 1610 Hiber-

436 1638 603 1698 niam
659 1640 950 1697 translata
1002 1646 1109 1698 est.
1200 1642 1357 1702 Nam
1401 1661 1511 1718 pro
1558 1648 1720 1700 certo
1769 1647 2040 1700 constare
2087 1660 2216 1697 eam
2262 1638 2500 1698 aliunde
2545 1640 2688 1697 alla-

438 1734 565 1787 tam
614 1748 741 1787 esse
786 1728 851 1785 in
881 1728 1239 1788 Hiberniam
1284 1748 1455 1787 nemo
1502 1728 1618 1788 nisi
1649 1729 1957 1788 Ebrardus
1989 1727 2072 1806 (p.
2114 1728 2264 1805 160)
2295 1727 2516 1786 infitias
2557 1728 2688 1787 ibit.

436 1816 577 1889 Qua
638 1816 709 1875 de
766 1836 941 1875 causa
996 1817 1157 1875 vitae
1211 1818 1589 1876 monachicae
1643 1818 1966 1896 primord-ia
2021 1816 2182 1894 apud
2228 1814 2438 1876 Scotos
2483 1817 2688 1875 eadem

438 1911 627 1979 atque
688 1904 833 1963 alibi
893 1924 1013 1961 non
1068 1924 1194 1963 esse
1248 1925 1369 1963 non
1423 1912 1764 1983 potuerunt.
1857 1904 1976 1964 Sed
2021 1912 2092 1964 ut
2135 1906 2252 1963 duo
2299 1906 2567 1981 germani
2611 1905 2688 1963 si-

446 1992 678 2049 millimi
723 1992 881 2049 inter
926 2012 987 2049 se
1034 1992 1097 2050 in
1142 1994 1401 2070 pueritia
1448 2015 1583 2053 suos
1626 1995 1894 2071 quisque,
1941 2011 2072 2052 cum
2105 1994 2452 2067 adoleverit,
2499 2012 2690 2052 mores

440 2078 725 2152 ostendit,
772 2079 859 2137 ita
906 2087 967 2139 et
1012 2078 1325 2141 Scotorum
1372 2082 1497 2142 vita
1542 2084 1902 2142 monachica.

627 2168 787 2241 Quin
846 2168 1026 2227 etiam
1084 2169 1243 2229 inter
1300 2171 1462 2247 ipsos
1507 2170 1716 2231 Scotos
1776 2172 1946 2231 varia
2004 2170 2423 2229 monachorum
2469 2191 2690 2247 genera

438 2255 867 2332 distinguenda
928 2277 1054 2316 esse
1114 2278 1233 2316 non
1294 2261 1484 2318 solum
1546 2262 1852 2338 catalogus
1895 2258 2278 2331 Sanctorum,
2337 2260 2400 2317 in
2465 2279 2582 2335 quo
2630 2264 2691 2317 et

434 2344 683 2403 seen-ndi
730 2351 791 2403 et
830 2346 995 2404 tertii
1028 2348 1253 2406 ordinis
1286 2354 1523 2408 sanctos
1554 2348 1816 2409 diversas
1843 2345 2075 2428 reyulas
2105 2348 2381 2405 habuisse
2413 2346 2692 2404 dicuntur

434 2432 546 2508 (H.
594 2434 711 2491 and
758 2432 847 2493 St.
893 2434 980 2506 II,
1030 2437 1087 2507 2,
1133 2457 1191 2514 p.
1243 2438 1369 2494 292
1418 2440 1535 2513 sq),
1593 2438 1765 2496 testis
1827 2444 1942 2507 est,
2005 2436 2108 2494 sed
2168 2436 2299 2512 ipsa
2343 2453 2437 2491 res
2485 2433 2689 2506 dccet3

442 2522 632 2596 (aliud
662 2522 1069 2581 testimonium
1110 2525 1271 2601 apud
1292 2525 1495 2597 Usser,
1528 2523 1780 2600 Antiqu.
1806 2546 1864 2600 p.
1893 2524 2065 2599 919).
2127 2522 2404 2580 Omnium
2435 2522 2690 2585 maxime

438 2610 600 2669 inter
622 2630 684 2668 se
709 2608 1064 2669 differebant
1086 2628 1271 2688 genus
1296 2632 1513 2684 eorum,
1558 2612 1745 2690 quiin
1771 2609 2144 2669 monasteriis
2166 2610 2360 2669 medio
2383 2610 2446 2667 in
2468 2612 2688 2687 populo

434 2698 785 2757 constitutis
830 2698 1016 2757 vitam
1062 2706 1307 2776 agentes
1354 2700 1702 2778 corrigendo
1744 2701 1966 2778 populo
1998 2719 2238 2776 operam
2269 2700 2573 2758 navabant
2605 2730 2688 2744 —-

437 2786 504 2843 hi
564 2786 850 2845 simillimi
910 2788 1257 2865 posterioris
1311 2790 1595 2867 temporis
1653 2788 1950 2847 canonicis
2001 2820 2077 2833 ·—-
2129 2795 2190 2847 et
2235 2807 2420 2864 genus
2469 2807 2688 2861 eorum,

437 2874 548 2951 qui
610 2876 985 2933 eremitarum
1048 2898 1212 2936 more
1272 2878 1525 2937 solitarii
1588 2878 1776 2937 vitam
1832 2878 2110 2954 agebant.
2206 2877 2300 2936 De
2345 2876 2466 2935 illis
2509 2896 2690 2954 supra

440 2965 594 3023 satis
643 2970 733 3023 est
778 2964 1167 3042 disputatum,
1214 2967 1287 3025 de
1332 2967 1427 3027 his
1470 2988 1661 3045 pauca
1707 2967 1940 3026 addam.

624 3051 719 3111 Ac
778 3054 1033 3129 primum
1096 3054 1333 3133 quidem
1374 3052 1573 3115 'facere
1618 3076 1738 3115 non
1784 3075 2053 3133 possum,
2115 3053 2260 3130 quin
2308 3052 2516 3111 Skenii
2562 3072 2688 3110 sen-

441 3140 696 3202 tentiam
741 3141 1100 3218 impugnem,
1148 3144 1253 3220 qui
1300 3145 1411 3203 etsi
1442 3164 1562 3202 non
1592 3150 1774 3221 negat
1820 3142 2144 3201 Columbae
2165 3144 2292 3217 jam
2321 3140 2691 3217 temporibus

438 3228 742 3287 exstitisse
775 3231 1067 3303 eremitas,
1112 3239 1312 3291 tamen
1346 3232 1505 3310 apud
1535 3233 1702 3290 tertii
1732 3233 1965 3290 demum
1998 3229 2220 3288 ordinis
2251 3235 2503 3301 sanctos,
2557 3226 2698 3309 „qui

438 3318 507 3377 -a'n
552 3315 794 3378 desertis
844 3314 1243 3391 habitabanffl,
1289 3320 1449 3378 illam
1496 3319 1740 3379 vivendi
1784 3318 2074 3377 rationem
2121 3316 2483 3377 increbuisse
2514 3312 2693 3395 putat

440 3406 559 3483 (II,
606 3428 663 3485 p.
699 3406 825 3465 248
874 3410 1048 3485 sqq.).
1127 3408 1313 3483 Cujus
1360 3409 1446 3467 rei
1494 3428 1625 3466 cum
1671 3414 1910 3485 praeter
1957 3407 2290 3483 catalogum
2339 3404 2691 3465 Sanctorum

441 3498 673 3555 nullum
720 3504 916 3556 exstet
959 3498 1363 3557 testimonium
1396 3532 1481 3543 -—
1512 3517 1705 3574 neque
1749 3516 1931 3554 unum
1977 3496 2126 3554 illud
2173 3494 2463 3574 expressis
2493 3494 2692 3555 verbis

448 3622 572 3629 ψ

738 3620 875 3627 ——ss

595 3675 615 3705 ¹
651 3671 870 3740 Itaque,
912 3682 1039 3725 cum
1080 3671 1139 3723 in
1174 3670 1298 3738 ipso
1327 3670 1644 3725 Turonensi
1681 3668 2028 3723 monasterio
2053 3668 2414 3722 inveniantur
2439 3666 2694 3735 episcopi

448 3744 877 3797 monasteriales
918 3741 1240 3811 (Harttung
1276 3760 1331 3809 p.
1374 3742 1467 3811 34)
1517 3758 1700 3810 neque
1740 3740 1928 3795 desint
1976 3740 2328 3803 testimonia,
2381 3755 2450 3791 ex
2488 3738 2692 3807 quibus

444 3814 627 3867 liceat
664 3813 939 3882 suspicari
976 3813 1158 3866 multo
1198 3812 1575 3880 antiquiorem
1613 3828 1735 3867 esse
1772 3812 1833 3865 in
1861 3811 2048 3868 Gallia
2084 3809 2250 3863 illum
2286 3826 2500 3863 morem
2524 3825 2695 3877 quam

448 3886 653 3953 prima,
696 3902 838 3953 quae
876 3882 1257 3951 Harttungius
1294 3883 1529 3951 profert,
1572 3884 1694 3953 ejus
1731 3884 1990 3952 exempla
2027 3881 2125 3951 (cf.
2163 3878 2456 3947 Harttung
2491 3896 2546 3946 p.
2577 3878 2691 3946 34),

452 3959 675 4008 tantum
714 3955 889 4019 abest,
930 3958 995 4007 ut
1019 3958 1176 4009 certa
1200 3953 1331 4018 sint,
1375 3962 1519 4022 q'uae
1543 3952 1926 4023 Harttungius
1955 3954 2026 4007 de
2053 3952 2272 4022 origine
2301 3952 2695 4019 episcoporum

450 4026 938 4080 monasterialium
978 4025 1245 4094 opinatus
1284 4029 1395 4089 est,
1434 4028 1499 4077 ut
1534 4025 1708 4078 liceat
1743 4030 1964 4093 putare,
2005 4023 2207 4077 Scotos
2245 4040 2278 4075 a
2315 4020 2495 4075 Gallis
2533 4018 2696 4099 illum

444 4113 671 4153 morem
708 4096 1013 4165 accepisse.
1080 4096 1196 4149 Sed
1230 4096 1291 4149 in
1327 4094 1515 4149 medio
1554 4095 1738 4150 adhuc
1776 4094 2146 4165 relinquenda
2180 4096 2268 4145 est
2291 4092 2429 4144 haec
2454 4092 2691 4172 questm,

450 4170 636 4223 donec
689 4168 810 4237 ipse
849 4166 1257 4237 Harttungius,
1312 4167 1408 4235 qni
1446 4164 1660 4233 primus
1700 4168 2018 4220 accuratius
2057 4166 2127 4217 de
2164 4163 2271 4215 hac
2310 4178 2371 4214 re
2412 4160 2694 4226 d1ssern1t‚
2760 4199 2767 4205 .

451 4239 547 4295 vel
587 4240 729 4294 alius
768 4238 997 4308 quidam
1036 4236 1291 4291 funditus
1331 4236 1700 4306 exquisiverit
1734 4237 1878 4291 hanc
1905 4254 2043 4300 rem,
2084 4234 2263 4287 multo
2291 4230 2694 4297 difficiliorem,

446 4328 623 4381 quam
658 4314 725 4365 nt
758 4310 953 4379 paucis
991 4307 1355 4377 dijudicetur.

2137 4392 2268 4447 .5*
