3259 5084
1525 254 2003 310 -108—

636 432 983 505 coenobiali,
1028 436 1243 509 utpote
1288 430 1643 504 adulterina,
1690 452 1726 489 a
1772 429 2078 489 malevolis
2123 429 2534 488 Benedictinis
2581 428 2886 487 monachis

634 521 1060 581 contumeliose
1100 520 1444 598 composita,
1491 519 1675 579 solam
1720 520 1884 577 illam
1928 515 2193 599 reyulam
2245 514 2611 588 Columbcmi,
2659 517 2884 595 quippe

635 629 791 688 quae
838 608 1215 686 evangelicae
1260 608 1559 668 libertatis
1606 607 1914 667 doctrinae
1959 609 2136 686 plena
2179 607 2261 666 sit
2292 606 2348 683 (?
2381 608 2456 665 cf.
2485 606 2762 683 Loening
2792 605 2881 679 H,

634 721 694 777 p.
728 699 883 774 432)
928 719 965 756 a
1005 697 1295 757 Columba
1340 698 1623 777 scriptam
1673 718 1800 756 esse
1843 695 2118 757 affirmat.
2180 696 2264 756 Et
2311 696 2490 755 certis
2535 695 2885 754 auctoribus

633 788 747 847 hoc
801 787 1154 866 comperisse
1213 786 1479 859 videtur,
1548 786 1812 863 alioquin
1875 804 2076 844 omnes
2139 785 2330 844 aliter·
2375 784 2698 844 sentientes
2759 790 2886 843 tam

560 872 573 879 ⁴
634 877 863 935 acerbis
902 875 1133 935 facetiis
1180 895 1297 934 non
1344 875 1627 935 irrisisset
1671 895 1884 953 parum
1929 874 2244 951 diligentes
2291 894 2390 933 eos
2437 874 2763 953 appellans.

812 965 1169 1043 Importuna
1212 984 1355 1023 sane
1398 965 1501 1023 illa
1530 964 1767 1023 dei-ieie.
1843 962 2004 1036 Quid
2051 962 2100 1021 si
2146 963 2208 1020 in
2255 962 2448 1039 ipsum
2477 961 2707 1022 recidat
2736 962 2884 1021 levi-

634 1054 781 1113 tatis
812 1053 1243 1132 opprobrium?
1290 1053 1563 1113 Ebrardo
1612 1054 1770 1111 enim
1810 1056 1937 1127 jam
1968 1052 2080 1111 hoc
2111 1051 2498 1129 suspiciosum
2531 1072 2657 1111 esse
2689 1051 2884 1109 visum

636 1150 755 1216 est,
818 1142 971 1219 quod
1022 1143 1229 1219 regula
1274 1142 1379 1202 illa
1425 1141 1790 1202 coenobialis
1843 1140 1960 1199 nisi
2018 1140 2083 1197 in
2141 1140 2370 1200 duobus
2415 1140 2717 1199 codicibus
2765 1158 2884 1197 non

636 1238 916 1303 exstaret,
962 1250 1081 1289 uno
1128 1238 1274 1302 tum,
1322 1251 1452 1289 cum
1499 1231 1660 1289 Bibl.
1705 1250 1859 1289 man
1906 1229 2060 1288 XII.
2107 1229 2170 1287 in
2217 1230 2408 1288 lucem
2456 1228 2684 1307 prodiit
2728 1227 2793 1303 (i.
2833 1247 2886 1287 e.

643 1321 839 1396 1707)
884 1320 983 1378 vel
1042 1322 1263 1378 rectius
1322 1326 1475 1393 tum,
1546 1340 1680 1377 cum
1739 1318 2036 1378 Patritius
2094 1318 2442 1395 Flemingus
2501 1316 2885 1377 Collectanea

636 1429 745 1468 sua
806 1409 1137 1487 composuit
1196 1409 1259 1484 (i.
1306 1430 1356 1467 e.
1404 1410 1624 1485 1667),
1697 1408 2040 1467 monasterii
2093 1406 2240 1467 Stae
2283 1405 2474 1466 Afrae
2518 1405 2884 1483 Augustani,

634 1498 822 1557 altero
854 1496 1249 1557 Oxenhusano
1296 1497 1645 1559 monasterii
1677 1496 1770 1556 Sti
1801 1496 2132 1570 Benedicti,
2179 1498 2242 1555 et
2287 1496 2448 1573 quod
2493 1496 2652 1554 solus
2685 1494 2882 1553 Oxen·

634 1587 896 1645 husanus
940 1587 1209 1664 regulam
1253 1588 1421 1646 illam
1468 1586 1794 1648 Columbae
1848 1584 2240 1657 attribueret,
2309 1604 2440 1643 cum
2488 1583 2886 1661 Augustanus

636 1696 765 1735 eam
826 1675 1134 1735 exhiberet
1191 1683 1477 1752 tanquam
1536 1673 1838 1756 ‚fratrum
1891 1673 1966 1735 de
2011 1670 2302 1733 Hibernia
2345 1670 2670 1754 reyulam“.
2765 1672 2886 1731 Sed

635 1765 788 1823 hanc
833 1765 907 1824 de
952 1764 1253 1825 codicibus
1296 1765 1573 1824 notitiam
1618 1768 1693 1823 ex
1738 1764 1862 1823 sola
1907 1763 2284 1822 Bibliotheca
2339 1762 2594 1821 maxima
2649 1782 2710 1821 se
2757 1780 2883 1819 mu·

636 1859 871 1913 tuatum
932 1874 1059 1913 esse
1116 1860 1291 1930 grata
1354 1852 1736 1931 simplicitate
1796 1851 2112 1911 confitetur
2178 1852 2280 1926 (cf.
2342 1850 2582 1909 Ebr'ard
2641 1870 2700 1929 p.
2755 1849 2878 1908 149

618 1950 759 2001 -not.
810 1944 936 2020 61),
984 1942 1147 2021 quod
1189 1962 1263 2001 ne
1310 1941 1854 2001 benevolentissimi
1901 1940 2139 2017 quidem
2185 1940 2424 1999 lectoris
2471 1940 2733 1998 animum
2778 1958 2881 1996 ex-

620 2031 799 2109 ·-plere
845 2036 1060 2107 potent.
1122 2030 1277 2091 Nam
1308 2050 1443 2089 cum.
1485 2031 1623 2089 illae
1653 2030 2066 2089 Bibliothecae
2111 2020 2404 2093 inanimae
2435 2028 2884 2087 observationes

636 2119 916 2197 praeviae
960 2119 1359 2197 transcriptae
1418 2119 1539 2178 sint
1594 2140 1667 2177 ex
1711 2118 2008 2195 Flemingi
2054 2116 2476 2189 Oollectaneis,
2535 2116 2886 2195 vituperan-

624 2207 777 2265 dum
824 2213 917 2265 est
927 2251 942 2281 ,
1001 2208 1104 2269 sed
1148 2227 1267 2266 non
1313 2206 1690 2280 mirandum,.
1737 2208 1895 2283 quod
1951 2206 2328 2265 Bibliotheca
2381 2206 2640 2265 maxima
2693 2206 2888 2265 tumst

636 2296 710 2355 de
756 2296 1061 2357 Holstenii
1112 2297 1357 2373 regulae
1410 2296 1768 2355 coenobialis
1823 2301 2065 2355 nostrae
2107 2296 2398 2367 editione,
2469 2314 2622 2371 quae
2676 2294 2886 2372 paucis

634 2386 809 2446 annis
866 2391 1006 2445 ante
1066 2384 1365 2461 Flemingi
1426 2386 1786 2444 collectanea
1841 2386 2022 2460 (anno
2077 2386 2314 2461 leel),-
2351 2382 2456 2442 sed
2513 2384 2660 2461 plus
2707 2402 2890 2459 quam

636 2474 1038 2555 quadraginta
1083 2475 1255 2533 annis
1292 2479 1433 2533 ante
1464 2473 1623 2532 Bibl.
1655 2494 1811 2532 max.
1857 2473 1919 2531 in
1965 2474 2157 2531 lucem
2200 2472 2524 2551 prodierat.
2600 2471 2886 2531 Profecto

635 2563 945 2625 Ebrardus
976 2563 1101 2623 sola
1130 2564 1237 2622 illa
1266 2562 1678 2622 Bibliothecae
1709 2562 2001 2621 maximae
2045 2562 2310 2621 editione
2349 2581 2492 2620 usus
2534 2580 2658 2619 non
2703 2560 2888 2619 habe-

636 2654 764 2727 bat,
826 2651 986 2729 qnod
1044 2651 1469 2729 Bettbergium
1527 2651 1726 2711 virum
1783 2648 2331 2732 „diln‘yemissimum
2374 2648 2438 2709 in
2481 2646 2659 2709 aldulfi
2709 2646 2889 2708 'acen-

620 2747 822 2815 -saret,
885 2741 1043 2819 quod
1104 2741 1178 2800 de
1238 2741 1483 2817 „regula
1528 2739 1920 2799 Columbaniss
1967 2746 2029 2798 et
2080 2738 2158 2797 :de
2211 2739 2452 2816 „regula
2497 2738 2887 2810 coenobiali“,

635 2830 875 2909 scriptis
921 2836 1087 2902 „toto
1136 2828 1333 2887 coelo“
1380 2829 1538 2887 inter
1584 2849 1648 2887 se
1692 2828 1962 2901 diversis,
2009 2848 2128 2886 uno
2175 2846 2442 2886 sermone
2487 2825 2883 2886 disseruisset.

632 2919 692 2979 N
694 2939 789 2977 am
834 2916 1256 2993 Rettbergium
1303 2916 1606 2975 Holstenii
1654 2916 1912 2975 editione
1957 2936 2128 2975 usum
2175 2934 2332 2988 enee,
2386 2915 2450 2973 in
2495 2932 2615 2991 qua
2673 2914 2885 2991 regula

620 3004 995 3066 coenobialis
1034 3010 1231 3064 exstat
1274 3007 1582 3081 tanquam
1603 3004 1892 3063 decimum
1939 3008 2120 3083 caput
2164 3003 2442 3080 „regulae
2471 3002 2883 3075 columbani“,

632 3096 971 3155 Ebrardum
1014 3093 1189 3171 fugit.

812 3184 931 3242 Illa
974 3203 1116 3244 vero
1153 3182 1457 3243 Holstenii
1503 3181 1708 3255 editio,
1753 3201 1885 3240 eum
1933 3182 2264 3259 exemplum
2310 3180 2551 3257 regulae
2597 3180 2888 3257 praebeat

632 3274 720 3333 ita
766 3279 1033 3347 auctum,
1093 3278 1161 3332 ut
1220 3273 1395 3349 longe
1455 3271 1753 3330 divssersum
1810 3270 1892 3329 sit
1950 3291 1986 3328 a
2047 3270 2356 3329 codicibus·
2395 3268 2757 3346 Augustano
2821 3276 2883 3329 et

634 3362 1061 3434 Oxenhusano,
1122 3381 1196 3419 ex
1253 3361 1465 3420 iisdem
1512 3360 1606 3419 vel
1653 3358 1944 3417 similibus
2003 3358 2310 3426 codicibus
2353 3358 2718 3435 transcripta
2763 3376 2886 3417 non

629 3454 739 3509 est.
830 3449 996 3525 Ergo
1008 3485 1031 3521 ,-
1070 3449 1230 3526 quod
1275 3450 1403 3527 ipse
1448 3448 1760 3507 Hertelius
1805 3450 1892 3525 (p.
1939 3446 2100 3522 4421)
2142 3447 2340 3505 ‹ficei-e
2385 3446 2612 3519 omisit,
2667 3446 2886 3507 tertius

632 3538 733 3596 ille
780 3536 963 3595 codex
1008 3536 1312 3596 Holstenii
1359 3536 1755 3613 (Coloniensis
1789 3570 1865 3581 —
1901 3536 1977 3593 cf.
2007 3536 2287 3607 Holsten,
2329 3534 2626 3613 praeffitio
2669 3555 2732 3612 p.
2761 3533 2885 3611 IV)

632 3626 805 3685 nobis
853 3625 1137 3698 occurrit,
1198 3626 1262 3684 in
1310 3646 1428 3703 quo
1483 3626 1692 3701 regula
1737 3622 2096 3682 coenobialis
2147 3624 2510 3701 reperiatur,
2573 3624 2884 3697 secundus,

632 3714 697 3771 in
744 3734 862 3791 quo
911 3712 1233 3773 Columbae
1278 3714 1672 3785 attribuatur,
1741 3712 1910 3789 isque
1957 3711 2257 3771 vetustior
2311 3712 2566 3771 fortasse
2624 3719 2884 3788 utroque

634 3802 751 3861 alio
810 3807 971 3861 certe
1015 3799 1373 3879 Augustam
1385 3846 1399 3875 ,
1469 3820 1607 3859 nam
1669 3800 1782 3859 etsi
1837 3799 2166 3877 dijudicare
2227 3820 2346 3858 nen
2401 3820 2641 3878 possum
2655 3844 2670 3871 ,
2741 3820 2884 3861 num

626 3896 793 3951 -mcte
853 3889 1205 3949 Holstenius
1274 3890 1533 3949 codicem
1600 3908 1772 3949 suum
1841 3909 1882 3947 a
1945 3888 2272 3947 Benedicto
2343 3887 2679 3949 Anianensi
2747 3908 2886 3948 con-

618 3979 921 4059 —scriptum
970 3997 1098 4037 esse:
1140 3978 1463 4050 censuerit,
1522 3983 1722 4035 tamen
1785 3982 1944 4035 certe
2004 3976 2298 4035 vetustior
2352 3980 2444 4047 eat
2501 3976 2884 4053 Augustano,

632 4086 807 4145 quem
853 4088 1009 4127 anno
1065 4066 1231 4125 1510
1281 4069 1587 4126 exaratum
1643 4086 1769 4125 esse
1813 4064 2158 4141 Flemingus
2202 4064 2538 4126 declaravit
2586 4065 2650 4123 in
2697 4086 2882 4144 anno-

632 4157 979 4231 tationibus,
1026 4176 1191 4234 quas,
1238 4154 1459 4231 quippe
1490 4154 1555 4213 in
1586 4154 1962 4213 Bibliotheca
1999 4151 2256 4210 maxima
2286 4172 2407 4213 non
2436 4154 2882 4232 transscriptas,

631 4245 946 4305 Ebrardua
984 4243 1389 4324 praetermisit
1436 4276 1516 4287 --
1566 4243 1668 4318 (cf.
1713 4242 1894 4303 etiam
1937 4240 2014 4297 de
2058 4240 2360 4299 Holstenii
2405 4243 2680 4321 exemplo
2727 4244 2882 4317 ejus-

632 4354 748 4409 que
806 4339 1005 4393 aetate
1065 4331 1585 4400 Wasserschleben
1598 4374 1613 4403 ‚
1683 4328 2190 4405 Bussordznungen
2247 4349 2307 4405 p.
2363 4329 2498 4405 57).
2601 4330 2883 4407 Denique
