3259 5084
1305 268 1736 325 -97.-„

401 449 463 503 et
508 446 592 503 2⁵9
642 444 722 521 Β)
765 489 779 503 .
812 489 826 503 .
866 444 951 504 ad
994 454 1046 506 te
1092 464 1339 527 namque
1386 446 1559 505 toti-as
1605 445 1881 506 emm-itus
1925 446 2156 507 domvinz‘
2185 491 2197 505 .
2231 491 2244 506 .
2277 492 2290 509 .
2309 445 2644 527 periculum

385 532 657 611 permina.
744 532 825 592 Te
866 542 1051 593 totum
1094 543 1401 616 eoespecbat,
1448 534 1553 617 qui
1585 544 1928 615 potestatem
1969 532 2144 596 11αό68
2163 536 2355 611 Ι(11181
2387 536 2640 614 habens)

400 621 599 680 61111116
638 622 994 694 ordinandi„
1009 620 1223 683 bellum
1252 622 1604 697 instituendi,
1639 624 1814 685 duces
1844 622 2141 685 excitandi
2169 632 2280 684 etc.
2311 628 2395 702 (p.
2427 626 2510 683 29
2545 625 2648 702 F).

397 710 513 769 His
560 712 757 771 verbis
812 712 955 789 quid
1004 712 1219 772 clarius
1235 713 1264 770 ἱ)
1328 714 1677 773 'Proferant
1722 714 2071 791 scriptorem
2119 714 2379 789 ejusdem
2426 715 2645 775 aetatis

394 797 703 859 Ebrardus
748 807 810 859 et
856 802 1223 876 Warrenius,
1268 804 1616 879 producant,
1649 803 1717 861 ·81
1759 809 2029 880 possunt,
2075 804 2169 861 vel
2217 803 2405 861 civem
2448 803 2640 882 ipsius

394 888 559 947 urbis
602 886 857 963 Romae,
908 891 1011 967 qui
1056 892 1349 951 similibus
1394 892 1592 951 verbis
1638 894 1922 967 loquatur
1969 891 2042 949 de
2086 897 2385 968 potestate
2429 909 2640 970 papae.

394 974 557 1035 Luce
597 978 820 1037 clarius
866 988 957 1039 est
988 979 1339 1040 Columbam
1380 982 1655 1059 episcopo
1685 981 1842 1039 sedis
1873 979 2196 1053 Romanae,
2241 986 2454 1057 utpote
2486 1000 2640 1057 quae

391 1065 643 1143 insignis
689 1075 845 1128 esset
889 1069 1215 1129 traditione
1261 1092 1299 1129 a
1328 1070 1515 1129 Petro
1562 1076 1623 1129 et
1653 1070 1846 1127 Paulo
1876 1069 2162 1147 profecta,
2212 1068 2444 1145 (11168ᾱ
2489 1074 2636 1140 111-8-

392 1157 742 1217 ditionem
796 1159 997 1217 illam
1042 1167 1473 1237 sequeretur
1518 1158 1872 1219 concessisse
1914 1175 2204 1217 summam
2249 1158 2313 1216 in
2351 1154 2638 1218 universa

390 1248 636 1305 ccclesia
681 1247 933 1307 docendi
977 1254 1038 1308 et
1076 1249 1387 1325 judicandi
1432 1254 1811 1327 potestatem.

567 1336 743 1395 Unde
790 1338 1061 1415 sequitur
1107 1337 1456 1397 Columbam
1499 1338 1613 1397 de
1608 1337 1924 1411 omnibus,
1981 1354 2134 1413 quae
2178 1334 2452 1414 publicae
2489 1336 2634 1395 doc-

389 1424 583 1484 trinae
644 1434 842 1499 erant,
903 1427 1271 1487 consensisse
1324 1448 1463 1487 cum
1520 1427 1770 1486 ecclesia
1823 1425 2097 1488 Romana
2153 1445 2222 1482 86
2274 1424 2517 1501 quidem
2555 1424 2634 1485 id

386 1515 699 1591 temporis,
745 1536 903 1589 cum,
952 1537 1104 1593 quae
1152 1523 1306 1576 esset
1350 1516 1625 1575 Romana
1672 1514 2030 1574 christianae
2071 1512 2382 1571 doctrinae
2425 1513 2634 1587 forma,

386 1610 754 1680 compertum
796 1608 921 1681 jam
967 1605 1250 1679 habebat,
1296 1626 1433 1665 nam
1480 1606 1739 1684 epistula
1769 1604 1874 1661 illa
1905 1602 1981 1661 ad
2011 1600 2381 1661 Bonifatium
2408 1620 2632 1679 >papam

385 1692 589 1767 missa,
639 1712 756 1771 qua
800 1694 1174 1773 potissimum
1220 1696 1311 1753 usi
1355 1714 1585 1766 sumus,
1628 1697 1753 1769 Jam
1800 1692 1862 1751 in
1909 1691 2094 1754 Italia
2139 1690 2476 1768 conscripta
2521 1696 2629 1749 est.

381 1780 591 1857 Neque
640 1818 723 1827 ——
770 1783 879 1855 id,
922 1783 1081 1860 quod
1134 1786 1260 1859 jam
1318 1804 1426 1861 per
1482 1802 1545 1841 se
1605 1780 1956 1841 incredibile
2012 1786 2132 1851 est,
2193 1798 2332 1836 nam
2390 1778 2633 1857 saepius

382 1868 673 1929 Columba
706 1892 767 1929 se
796 1872 991 1948 ipsum
1014 1872 1253 1929 induxit
1274 1892 1459 1929 unum
1482 1892 1593 1949 pro
1616 1870 1890 1929 omnibus
1911 1868 2202 1927 Hibernis
2215 1867 2519 1925 dicentem
2542 1900 2633 1913 --

382 1958 487 2015 i‘lla
534 1960 838 2017 sententia
883 1960 1127 2036 propria
1172 1964 1307 2018 erat
1351 1961 1526 2019 unius
1573 1959 1922 2031 Columbae,
1987 1957 2204 2017 similia
2249 1962 2411 2028 sunt,
2475 1970 2631 2033 quae

378 2044 571 2103 Jonas
592 2045 911 2109 Bobiensis
934 2047 1111 2106 dixit.
1152 2044 1613 2129 „Aequilejenses
1636 2046 1973 2107 discentium
1995 2066 2035 2105 a
2052 2043 2457 2105 communione
2477 2043 2631 2105 sedi-3

379 2130 746 2213 apostolicae,
793 2134 867 2194 de
908 2156 1027 2217 qua
1072 2136 1343 2197 dominus
1386 2136 1449 2197 in
1494 2134 1784 2217 evanyelzb
1830 2134 1914 2195 ad
1959 2134 2187 2195 beatam
2230 2130 2628 2215 apostolommz

368 2220 699 2301 Jm'neipem
730 2220 978 2285 Petrum
1024 2223 1309 2307 loquitur:
1350 2236 1415 2286 tu
1444 2247 1504 2287 08
1534 2224 1936 2299 etc.111t.‚16,
1990 2222 2539 2301 18“(vit.-Eustas
2569 2226 2624 2297 7,

373 2310 531 2370 Mab.
565 2310 652 2386 Π,
686 2333 821 2372 81111.
857 2314 1019 2385 625,
1034 2335 1091 2391 p.
1131 2316 1298 2393 119);
1344 2316 1623 2395 Denique
1651 2316 1900 2394 dignum
1929 2320 2022 2373 est
2043 2311 2627 2384 commemoratione,

376 2400 534 2476 quod
573 2402 839 2461 omnium
871 2404 1197 2465 occidentis
1227 2406 1722 2465 monasteriorum
1753 2405 2028 2483 primum·
2045 2402 2343 2461 Bobiense
2373 2405 2624 2475 rogante

374 2490 593 2549 abbate
640 2510 796 2551 anno
834 2496 963 2569 jam
998 2495 1124 2552 628
1162 2495 1446 2571 neglecta
1487 2496 1586 2553 vel
1630 2500 1860 2552 remota
1907 2490 2171 2570 episcopi
2209 2486 2626 2565 jurisdictione

374 2578 485 2637 soli
526 2600 721 2656 papae
768 2582 1099 2657 subjectum
1148 2588 1241 2641 est
1287 2584 1385 2657 (cf.
1431 2582 1746 2657 Harttung
1789 2602 1846 2658 p.
1897 2579 2202 2654 62—69).

550 2668 723 2743 Quae
771 2688 901 2729 cum
948 2670 1035 2729 ita
1077 2670 1221 2744 sint,
1268 2670 1665 2747 colligendum
1713 2679 1805 2729 est
1845 2668 2149 2728 ecclesiam
2182 2662 2363 2735 illam,
2408 2666 2472 2723 in
2503 2684 2626 2742 qua

372 2754 663 2817 Columba
718 2768 895 2819 natus
952 2766 1082 2819 erat
1126 2766 1307 2835 atque
1354 2760 1667 2833 educatus,
1727 2766 1871 2818 tunc
1917 2756 2202 2834 temporis
2246 2772 2622 2833 nequaquam

371 2845 669 2905 inimicam
736 2848 917 2913 fuisse
978 2849 1105 2907 sedi
1168 2848 1549 2927 apostolicae.
1642 2848 1802 2923 Quin
1867 2848 2047 2907 etiam
2112 2844 2501 2905 disertissime
2560 2851 2622 2904 et

370 2934 714 3013 planissime
767 2940 1055 3019 scriptum
1114 2946 1205 2998 est
1250 2938 1312 2997 in
1359 2938 1617 3040 epistula
1661 2938 1951 2999 Cumeani
1997 2936 2356 3015 Gregorium
2400 2952 2618 3013 papam

372 3024 532 3101 apud
580 3046 781 3088 omnes
814 3028 1024 3088 Scotos
1071 3033 1133 3087 et
1178 3026 1339 3105 apud
1383 3028 1546 3106 ipsos
1592 3028 1872 3087 Hiienses
1918 3047 2135 3104 magna
2179 3027 2451 3087 floruisse
2483 3046 2618 3086 auc-

372 3112 629 3186 toritate,
679 3136 816 3177 nam
871 3116 993 3191 „ad
1040 3110 1316 3197 Greyorii
1344 3134 1578 3197 papae,
1627 3116 1826 3193 inquit
1872 3116 2206 3175 Oumeanus
2252 3118 2480 3193 (Usser,
2527 3138 2619 3194 ep.

368 3198 489 3257 hib.
523 3158 651 3278 syll.
683 3226 741 3282 p.
776 3206 904 3282 21),
948 3203 1109 3264 urbis
1154 3201 1389 3263 Romae
1432 3204 1705 3283 episcopi,
1751 3224 1790 3263 a
1833 3202 1996 3265 nobis
2039 3203 2102 3263 in
2147 3224 2450 3274 commune
2492 3227 2615 3267 sus-

368 3290 519 3370 cepti
560 3300 611 3351 et
656 3290 775 3352 oris
820 3301 871 3352 ec
917 3312 1083 3353 aum
1118 3288 1510 3373 appellatione
1554 3292 1777 3365 donati,
1823 3290 1999 3352 verba
2039 3310 2135 3353 me
2179 3296 2473 3356 converti.

369 3378 663 3440 Attamen
710 3402 829 3442 non
874 3402 1054 3458 nego,
1110 3380 1432 3455 „liberam“
1484 3382 1666 3445 fuisse
1713 3382 2022 3441 ecclesiam
2069 3380 2381 3443 Scotorum
2429 3407 2464 3445 a
2508 3407 2612 3465 po-

366 3475 582 3530 testate
630 3478 691 3531 et
728 3469 1147 3549 jurisdictione
1193 3490 1412 3549 papae,
1460 3470 1574 3530 sed
1619 3470 1872 3531 liber-am
1917 3490 2038 3530 non
2085 3472 2365 3548 alienam,
2421 3496 2618 3554 neque

366 3559 485 3618 alia
552 3567 686 3620 erat
750 3561 1000 3621 libertas
1061 3559 1170 3621 ‘illa
1234 3568 1415 3638 atque
1478 3580 1597 3638 qua
1660 3560 1871 3621 iisdem
1928 3561 2304 3638 temporibus
2369 3565 2617 3625 ecclesia

366 3646 676 3709 Gallicana
723 3652 1049 3725 fruebatur,
1097 3686 1184 3695 —
1224 3655 1363 3709 nam
1409 3650 1591 3709 etiam
1637 3650 1700 3709 in
1733 3648 1932 3710 Gallia
1979 3650 2303 3711 auctoritas
2349 3654 2614 3732 episcopi

362 3735 623 3799 Romani
668 3747 811 3799 tunc
856 3740 1143 3817 temporis
1188 3740 1386 3799 ver'bis
1432 3757 1551 3799 11611
1597 3738 1994 3811 minuebatur,
2041 3758 2250 3799 revera
2281 3749 2478 3802 autem
2509 3744 2612 3802 vix

364 3829 729 3905 comparuit:
805 3828 1165 3889 Inimicitiae
1212 3850 1355 3906 ergo
1401 3829 1562 3887 inter
1606 3829 1916 3908 episcopos
1955 3826 2260 3889 Romanos
2305 3838 2367 3890 et
2411 3838 2609 3909 poste-

362 3915 557 3975 nimis·
580 3918 869 3996 temporis
914 3917 1143 3992 Scottus,
1188 3918 1242 3976 si
1288 3936 1441 3994 quae
1485 3918 1782 3991 fueruntl,
1829 3938 1948 3977 non
1996 3938 2173 3979 causa
2216 3921 2460 3979 fuerunt
2504 3920 2609 3979 sed

364 4004 559 4063 exitus
606 4008 1043 4065 controversiae
1088 4006 1249 4065 iilius
1296 4006 1456 4065 inter
1496 4004 1708 4067 Scotos
1753 4014 1816 4065 et
1861 4006 2392 4085 Anglo··Saxones.

510 4161 528 4191 ¹
570 4160 737 4215 Tales
786 4161 1116 4215 inimicitiae
1170 4161 1469 4217 videntur
1486 4160 1711 4215 elucere
1759 4179 1790 4215 e
1828 4163 2085 4216 versibus
2123 4161 2460 4229 quibusdam
2499 4161 2606 4215 Hi-

358 4230 609 4287 hernicis
649 4233 831 4287 codici
862 4248 988 4303 epp.
1020 4232 1177 4287 Paul.
1206 4231 1590 4287 Boni-neriano
1620 4237 1789 4301 (saec.
1818 4232 1974 4301 IX)
1957 4251 2019 4286 111
2043 4233 2298 4301 margine
2326 4233 2603 4301 ascriptis,

360 4318 595 4371 quorum
650 4298 911 4358 notitiam
970 4302 1305 4358 Franciscus
1350 4304 1762 4369 Delitzschius,
1827 4306 1917 4358 vir
1972 4320 2186 4357 summe
2240 4301 2605 4371 reverendus,

361 4375 763 4430 humanissime
800 4376 939 4429 mihi
979 4378 1333 4443 comparavit
1359 4376 1455 4446 (cf.
1486 4374 1727 4440 Ebrard‚
1769 4374 2087 4428 Bonifatius
2113 4392 2168 4443 p.
2203 4376 2310 4445 10).
2376 4374 2607 4444 Scripta

2143 4464 2174 4517 7
