3259 5084
1572 199 2010 256 -78-

662 379 863 439 steriis
923 378 1253 439 arctissime
1316 379 1618 455 conjuncti
1679 386 1869 437 erant.
1960 380 2096 437 Hoc
2151 378 2311 437 idem
2364 377 2476 436 hoc
2533 378 2664 435 loco
2724 376 2916 435 mani·

660 466 1047 526 festissimum
1092 474 1199 526 est.
1272 462 1443 526 Nam
1488 464 1761 527 monachi
1801 476 1968 527 erant
2012 466 2291 537 maxime,
2317 465 2442 567 ’qui
2483 486 2618 525 oum
2662 462 2918 525 Aedano

662 553 749 613 ad
780 554 1260 635 praedicandum
1304 565 1592 617 venerant.
1685 552 2018 615 Monachus
2064 554 2187 636 ipse
2232 553 2552 635 episoma,
2601 562 2796 633 utpote
2841 552 2918 613 de

662 640 884 715 insvda,
944 662 1093 725 quae
1150 653 1388 704 vocatur
1433 640 1549 704 Hie·
1591 642 1938 703 destinatus
1954 645 2148 721 (Beda
2188 645 2244 702 h.
2285 664 2333 704 e.
2378 645 2435 715 3,
2481 644 2538 715 3,
2584 644 2619 720 ξ
2668 642 2819 719 157)
2865 650 2921 701 et

665 728 1067 791 monachwam
1111 753 1244 791 eum
1288 732 1409 793 suis
1455 731 1721 793 ommibus
1773 731 1956 792 vitam
2008 751 2238 815 semper
2291 750 2462 813 affere
2521 728 2737 792 solebat
2783 730 2915 805 (vit.

665 819 857 879 Oudb.
891 820 1069 894 XVI,
1100 823 1137 899 ξ
1171 822 1273 894 25,
1306 841 1398 899 op.
1428 822 1516 895 II,
1548 844 1607 900 p.
1635 824 1670 880 7
1681 823 1762 898 9).
1833 818 2003 881 Unde
2042 823 2130 881 ait
2176 821 2346 880 Beda
2386 822 2518 898 (vit.
2550 820 2740 879 Cudb.
2771 820 2810 877 1.
2844 822 2917 894 c.)

663 906 743 967 ab
786 904 889 969 illo
934 929 1130 969 manes
1177 907 1291 970 loci
1340 910 1524 991 ipsius
1576 908 1854 971 antristz'tes
1907 908 1990 970 sic
2049 907 2372 992 episcopale
2424 906 2744 970 emero-uisse
2789 906 2914 991 offi-

666 995 851 1069 cium,
916 1006 981 1057 ut
1037 1008 1261 1079 reqmte
1318 998 1737 1060 monasterium
1801 996 2034 1071 abbate,
2096 1018 2268 1080 quem
2323 997 2443 1079 ipsi
2496 1018 2630 1058 cum
2683 994 2918 1057 consilio

647 1084 927 1167 fratrum
986 1084 1278 1167 eleyerint,
1340 1106 1538 1147 omnes
1583 1086 1941 1167 presbyten}
2003 1086 2260 1161 diaconi,
2335 1095 2626 1159 cantore-3,
2687 1083 2918 1145 lectores

668 1174 943 1257 ceterique
997 1174 1227 1255 yradus
1286 1173 1650 1236 ecelesiastici
1703 1174 2107 1237 monachicam
2164 1196 2282 1257 per
2343 1174 2544 1236 omnia
2596 1195 2730 1235 oum
2787 1173 2916 1256 ipso

666 1259 939 1345 qwisoopo
982 1260 1253 1344 requlam
1294 1274 1530 1325 servent.
1591 1298 1680 1311 --
1738 1264 1832 1324 At
1883 1266 2106 1340 nescio,
2171 1286 2248 1325 an
2292 1266 2356 1323 in
2401 1266 2515 1323 hac
2557 1285 2624 1323 re
2669 1263 2840 1323 Beda
2883 1284 2922 1321 a

670 1352 929 1411 veritate
973 1354 1239 1430 paullum
1286 1354 1672 1414 aberraverit.
1747 1354 1901 1414 Nam
1952 1375 2083 1414 cum
2129 1355 2257 1432 ipse
2303 1360 2441 1413 ante
2484 1352 2758 1413 Colmani
2801 1351 2918 1411 dis·

669 1458 899 1499 cessum
946 1442 1045 1515 (cf.
1090 1443 1273 1519 infra)
1328 1444 1565 1503 abbatis
1610 1443 2120 1503 Lindisfarnensis
2167 1444 2524 1502 mentionem
2571 1462 2690 1501 non
2736 1441 2920 1500 faciat

670 1526 753 1602 (11.
786 1549 835 1587 6.
874 1530 931 1602 3,
966 1531 1069 1603 26,
1100 1533 1135 1609 ξ
1168 1532 1341 1608 237),
1404 1532 1819 1609 suspicandum
1869 1538 1959 1592 est
2003 1552 2124 1591 non
2170 1533 2360 1591 solum
2405 1529 2748 1602 Aedanum,
2817 1529 2921 1589 sed

668 1615 853 1675 etiam
900 1618 1197 1678 Finanum
1244 1629 1306 1679 et
1352 1619 1702 1680 Colmanum
1748 1620 1912 1697 ipsos
1957 1621 2196 1680 abbatis
2241 1620 2450 1679 officiis
2495 1621 2730 1679 functos
2777 1638 2918 1678 esse.

669 1703 793 1763 Sed
840 1708 954 1765 etsi
998 1708 1193 1767 facere
1238 1729 1355 1767 non
1403 1729 1740 1787 possumus,
1789 1710 1930 1786 quin
1981 1710 2128 1769 illud
2174 1710 2562 1787 suspicemur,
2609 1715 2810 1769 tamen
2857 1707 2920 1765 in

670 1794 784 1853 hac
812 1816 877 1853 re
911 1798 1291 1875 conspicuum
1321 1798 1700 1873 relinquitur,
1749 1799 1908 1875 quod
1953 1799 2119 1875 prior
2166 1804 2296 1857 erat
2341 1797 2690 1876 episcopalis
2734 1796 2919 1868 sedeS,

671 1884 969 1961 posterius
1014 1886 1455 1959 monasterium,
1502 1886 1664 1962 quod
1702 1887 1981 1947 Ebrardo
2028 1908 2272 1966 prorsus
2316 1892 2630 1965 repugnat.
2691 1885 2919 1943 Eodem

670 1973 847 2032 modo
910 1974 1090 2033 etiam
1152 1974 1388 2034 Oeddus
1450 1976 1762 2054 episcopus
1823 1982 1884 2034 et
1945 1976 2072 2055 ipse
2136 1976 2482 2048 monachus,
2542 1981 2920 2053 postquam

674 2060 987 2139 episeopus
1048 2062 1441 2124 Orientalium
1504 2064 1808 2123 Saxonum
1872 2066 2068 2125 factus
2129 2071 2252 2138 est,
2320 2064 2742 2123 monasterium
2805 2062 2920 2123 sibi

671 2152 1010 2209 construxit
1070 2156 1313 2229 ejusque
1361 2149 1542 2234 juxta
1598 2152 1746 2212 ritus
1806 2150 2391 2234 Lindisfamensium
2447 2150 2692 2211 imtztuti
2748 2152 2924 2211 simul

671 2256 805 2295 cum
854 2240 1201 2319 episcopatu
1248 2262 1449 2300 curam
1496 2242 1682 2320 gessit
1725 2263 1914 2318 usque
1944 2243 2021 2302 ad
2052 2249 2300 2302 mortem
2333 2240 2525 2317 (Beda
2556 2241 2612 2299 11.
2646 2261 2695 2298 6.
2731 2242 2788 2314 3,
2818 2241 2924 2312 23,

670 2326 713 2403 ξ
746 2326 919 2405 218).
1012 2330 1289 2407 Denique
1336 2331 1539 2389 eodem
1584 2332 1760 2390 modo
1809 2332 1988 2390 etiam
2036 2331 2304 2403 Ceadda,
2363 2328 2720 2388 Merciorum
2767 2328 2920 2407 epis-

673 2434 875 2492 copus,
922 2417 1281 2479 mansionem
1326 2417 1437 2479 sibi
1462 2417 1611 2501 fecit
1653 2440 1772 2480 non
1817 2418 1984 2501 lonye
2029 2418 2104 2479 ab
2149 2415 2380 2479 ecclesia
2423 2415 2812 2490 remotiorem,
2860 2416 2923 2477 in

671 2522 793 2584 qua
824 2506 1090 2567 secretius
1118 2528 1251 2568 eam
1285 2506 1516 2589 paucis,
1562 2507 1629 2570 id
1659 2518 1740 2571 est
1769 2518 1985 2591 septem
2031 2506 2144 2569 sive
2190 2514 2314 2567 octo
2343 2503 2660 2588 fratribus,
2703 2505 2923 2588 quoties

672 2610 715 2649 a
760 2588 957 2655 labore
1000 2604 1053 2655 et
1095 2596 1413 2658 munisterio
1458 2596 1617 2659 verbi
1657 2598 1922 2670 vacabat,
1971 2616 2142 2659 orare
2187 2604 2240 2657 et
2269 2592 2450 2677 leyere
2480 2592 2700 2656 solebat
2729 2596 2922 2673 (Beda

672 2679 733 2738 11.
766 2702 815 2740 6.
848 2684 907 2755 4,
940 2686 998 2758 3,
1029 2686 1064 2763 ξ
1099 2688 1271 2763 260).

854 2772 1027 2831 Haec
1055 2776 1253 2835 omnia
1285 2797 1415 2835 cum
1461 2778 1551 2849 iis,
1598 2798 1752 2855 quae
1784 2797 1966 2856 supra
1997 2776 2272 2848 diximus,
2319 2774 2542 2854 optime
2574 2779 2914 2851 congruunt.

674 2858 911 2936 Itaque,
957 2870 1290 2940 postquam,
1338 2886 1489 2942 quae
1520 2867 1595 2925 de
1642 2867 1752 2926 hac
1795 2886 1862 2924 re
1894 2872 2179 2938 constent,
2233 2864 2498 2939 vidimus,
2543 2870 2770 2941 tempus
2809 2866 2910 2931 est,

677 2955 749 3009 ut
796 2970 927 3008 cum
970 2951 1377 3012 Romanorum
1423 2956 1688 3015 moribus
1736 2974 2142 3031 comparemus
2189 2952 2472 3013 Scoticos.
2536 2948 2914 3028 Comparavit

668 3040 799 3115 jam
844 3038 1030 3099 Beda.
1123 3041 1560 3104 Commemorat
1619 3045 1778 3103 enim
1841 3044 1970 3119 (vit.
2017 3042 2208 3101 Gudb.
2252 3045 2289 3103 1.
2339 3048 2412 3121 c.)
2468 3043 2630 3101 illam
2681 3035 2922 3099 vivendi

678 3148 977 3204 normam,
1042 3150 1220 3208 quam
1279 3133 1342 3191 in
1402 3132 1880 3193 Lindisfarnensi
1942 3132 2300 3191 monasterio
2365 3139 2427 3192 et
2486 3130 2707 3208 passim
2767 3123 2924 3205 apud

678 3215 890 3277 Scotos
934 3220 1285 3295 invenimus,
1334 3223 1579 3282 eandem
1625 3242 1768 3294 esse,
1816 3242 1996 3299 quam
2042 3222 2253 3280 beatus
2285 3240 2442 3298 papa
2476 3217 2803 3293 Gregorius
2851 3214 2924 3273 ab

678 3303 1024 3382 Augustino
1072 3309 1469 3370 Cantuarensi
1516 3318 1578 3371 et
1630 3311 1808 3371 sociis
1865 3312 1994 3385 ejus
2051 3311 2426 3368 observatam
2473 3306 2680 3365 voluit.
2771 3305 2929 3363 Nam

678 3399 743 3452 et
788 3391 937 3472 ipse¹
960 3396 1337 3475 Augustinus
1392 3400 1703 3478 episcopus
1759 3405 1890 3458 erat
1946 3404 2006 3456 et
2051 3388 2238 3456 abbas
2283 3395 2478 3471 (Beda
2520 3393 2575 3449 h.
2623 3410 2672 3448 6.
2725 3392 2778 3463 1,
2823 3391 2927 3464 23,

680 3482 721 3558 ἓ
757 3481 859 3557 51,
906 3486 978 3544 cf.
1022 3487 1147 3562 52).
1238 3488 1447 3563 Neque
1518 3509 1674 3547 unus
1734 3485 2062 3563 Gregorius
2130 3484 2296 3540 illam
2355 3478 2595 3540 vivendi
2658 3498 2927 3537 normam

678 3570 979 3649 probavit,
1026 3576 1131 3634 sed
1176 3577 1455 3636 universa
1500 3576 1744 3635 ecclesia
1791 3573 2084 3633 catholica
2129 3570 2378 3629 alterius
2425 3566 2775 3644 Augustini,
2820 3568 2925 3626 illo

684 3660 977 3735 clarioris,
1040 3666 1369 3743 exemplum
1424 3683 1672 3741 sequens
1727 3663 1879 3719 hanc
1923 3660 2328 3719 instituendae
2376 3657 2719 3716 clericorum
2766 3657 2928 3715 vitae

679 3748 933 3809 formam
970 3754 1252 3829 optimam
1284 3774 1411 3813 esse
1456 3773 1525 3813 ac
1569 3752 1896 3829 perfectam
1940 3769 2245 3827 nunquam
2289 3768 2410 3807 non
2457 3745 2702 3818 censuit,
2749 3746 2927 3803 immo

681 3846 893 3917 postea
951 3842 1112 3901 vitae
1126 3908 1145 3915 ³
1173 3843 1487 3901 canonicae
1550 3840 1792 3899 clericos
1855 3839 2126 3917 obligans
2193 3838 2430 3917 publice
2489 3842 2586 3896 est
2648 3836 2925 3912 professa.

682 3928 848 4006 Ergo
915 3932 1073 4007 quod
1132 3931 1503 4008 potissimum
1565 3928 1878 3988 Scotorum
1934 3935 2065 3988 erat
2131 3927 2459 4006 proprium,
2521 3926 2926 3985 Romanorum

684 4018 949 4079 moribus
994 4039 1369 4096 nequaquam
1415 4024 1545 4077 erat
1592 4020 1971 4079 contrarium.
2034 4017 2196 4090 Quin
2244 4016 2426 4075 etiam
2473 4016 2524 4075 si
2569 4015 2632 4073 in
2679 4013 2926 4089 antiqua

674 4110 804 4184 jam
846 4106 1159 4168 Scotorum
1207 4106 1453 4167 ecclesia
1496 4109 1784 4167 nonnulla
1830 4105 2192 4166 monasteria
2239 4105 2446 4164 eodem
2487 4108 2624 4181 jure
2670 4098 2930 4179 eligendi

688 4195 995 4275 episcopos
1040 4218 1147 4257 usa
1194 4203 1407 4266 essent,
1454 4217 1570 4273 quo
1602 4204 1810 4276 postea
1841 4195 2092 4272 (Braun,
2139 4195 2212 4254 de
2245 4193 2490 4254 Guldeis
2521 4216 2580 4272 p.
2619 4192 2698 4250 10
2732 4196 2794 4249 et
2830 4190 2929 4262 19,

679 4282 923 4345 Ebrard
954 4308 1011 4364 p.
1038 4288 1077 4344 4
1110 4292 1233 4345 not.
1268 4286 1351 4361 3),
1384 4306 1459 4345 ne
1489 4286 1600 4346 hoc
1633 4286 1870 4365 quidem
1901 4284 2189 4344 Romanis
2219 4282 2674 4361 improbandum
2705 4278 2930 4338 fuisset.
