3259 5084
1253 221 1742 278 —111—

556 398 827 457 Primum
870 398 1075 475 igitur,
1120 418 1195 457 ne
1243 399 1539 471 miremur,
1588 398 1748 475 quod
1791 400 1998 476 regula
2043 399 2176 471 ista,
2222 399 2284 457 in
2331 420 2448 475 qua
2492 420 2628 476 per-

378 489 568 547 multa
614 487 787 545 nobis
832 486 1146 546 offensioni
1190 492 1357 555 sunt,
1413 492 1646 547 tantam
1689 488 1752 545 in
1799 486 2000 547 Gallia
2046 488 2464 548 auctoritatem
2513 488 2628 547 sibi

378 576 763 654 comparavit,
812 596 963 653 opus
1010 581 1101 635 est
1146 597 1265 635 non
1312 575 1599 647 oblivisci,
1650 577 1844 654 qualis
1889 577 2072 639 fuerit
2104 582 2244 635 ante
2277 576 2628 636 Columbam

379 655 874 725 monasteriorum
920 665 984 723 in
1032 664 1231 723 Gallia
1278 672 1470 725 status
1529 664 1628 739 (cf.
1677 685 1856 743 supra
1903 686 1958 742 p.
1999 667 2169 742 107).
2260 665 2443 723 Illum
2491 684 2626 723 con-

381 754 782 813 siderantibus
828 754 1000 827 nobis
1044 754 1259 813 mirum
1305 775 1423 813 non
1468 754 1798 827 videbitur,
1855 754 2014 831 quod
2061 753 2350 813 Columba
2395 755 2630 813 fervore

380 864 488 903 suo
548 864 617 903 ac
676 842 903 921 pietate
962 862 1069 900 sua
1126 842 1304 902 etiam
1352 842 1561 903 Gallos
1607 842 1684 901 ad
1740 842 2210 921 amplectendam
2264 842 2452 902 vitam
2504 860 2628 901 -mo-

382 931 688 991 nachicam
732 937 857 990 tam
904 932 1141 991 crebros
1188 931 1487 1005 incitavit,
1548 938 1619 990 ut
1677 939 1738 1013 et
1791 933 1919 991 ruri
1965 938 2026 991 et
2071 932 2136 989 in
2179 931 2428 990 urbibus
2476 951 2630 990 nova

384 1020 743 1079 exsisterent
788 1020 1145 1079 monasteria
1193 1021 1290 1095 (cf.
1322 1019 1427 1079 vit.
1459 1019 1580 1079 Sal.
1618 1023 1674 1095 7,
1705 1021 1865 1080 Mab.
1895 1021 1983 1094 ΙΙ,
2017 1042 2153 1079 ann.
2185 1020 2333 1093 655,
2365 1041 2422 1098 p.
2457 1019 2630 1096 425).

386 1110 519 1183 Quo
566 1110 787 1168 factum
835 1114 925 1168 est
934 1153 949 1183 ,
1012 1115 1083 1167 ut
1141 1109 1349 1187 regula
1395 1108 1719 1169 Columbae
1779 1122 1898 1169 n'on
1959 1110 2150 1169 solum
2209 1109 2272 1167 in
2333 1108 2634 1167 nonnullis

386 1197 745 1257 Germaniae
805 1199 1179 1257 monasteriis
1239 1197 1563 1275 (Rettberg
1605 1199 1694 1273 II,
1740 1219 1796 1275 p.
1847 1201 2000 1275 678)
2056 1204 2201 1258 tunc
2245 1198 2632 1268 inveniretur,

386 1287 491 1346 sed
536 1288 739 1365 potius
798 1286 1019 1346 saeculi
1078 1286 1319 1365 septimi
1377 1289 1747 1366 temporibus
1807 1288 2125 1366 praecipue
2185 1287 2486 1365 prioribus
2544 1285 2631 1346 ita

386 1377 643 1454 vigeret,
706 1382 776 1434 ut
820 1396 1011 1453 paene
1057 1376 1255 1435 omnia
1301 1378 1686 1451 monasteria,
1752 1398 1903 1454 quae
1949 1386 2092 1436 tunc
2137 1376 2202 1434 in
2248 1375 2450 1435 Gallia
2498 1394 2634 1434 con·

388 1466 515 1523 dita
547 1472 703 1537 sunt,
736 1464 1059 1523 Columbae
1090 1466 1357 1541 regulam
1390 1466 1796 1527 observarent.
1844 1467 2110 1540 Quorum
2142 1465 2634 1523 monasteriorum

387 1554 830 1613 multitudinem
854 1554 1357 1629 (Montalembert,
1380 1556 1466 1615 les
1488 1556 1713 1613 moines
1729 1554 2056 1613 d’occident
2070 1552 2158 1625 II,
2182 1574 2240 1629 p.
2258 1552 2634 1627 565—637)

390 1662 733 1712 enumerare
779 1649 985 1701 nostra
1030 1664 1149 1701 non
1194 1644 1407 1716 refert,
1472 1644 1611 1719 quia
1669 1644 1992 1701 auctoritas
2039 1640 2362 1701 Columbae
2422 1640 2635 1699 nihilo-

389 1732 584 1792 minus
615 1752 754 1789 mox
785 1731 1015 1790 minuta
1062 1738 1169 1791 est.
1229 1732 1385 1791 Nam
1432 1732 1594 1790 intra
1635 1734 1760 1805 jam
1807 1730 2065 1789 medium
2111 1730 2409 1789 saeculum
2455 1728 2635 1805 septi·

389 1842 551 1880 mum
598 1822 659 1878 in
706 1821 837 1897 ipsa
884 1818 1083 1877 Gallia
1130 1818 1225 1877 Sti
1269 1819 1583 1887 Benedicti
1628 1818 2000 1879 Cassinensis
2059 1820 2266 1895 regula
2313 1818 2636 1876 Columbae

390 1909 633 1983 regulae
680 1906 913 1965 exstitit
960 1907 1189 1965 aemula
1237 1926 1423 1982 eaque
1468 1908 1629 1966 haud
1675 1908 1854 1968 dubie
1899 1909 2086 1967 multo
2132 1908 2346 1983 potior.
2419 1907 2638 1978 Quam-

392 1996 484 2055 vis
532 1994 687 2052 enim
736 1993 1049 2072 disciplina
1106 2015 1213 2053 sua
1266 1996 1529 2072 regulari
1576 1995 1868 2055 Columba
1913 1996 2405 2055 monasteriorum
2452 1993 2638 2053 Galli-

396 2103 598 2141 corum
658 2088 881 2141 statum
941 2088 1002 2141 et
1064 2103 1255 2143 mores
1316 2084 1531 2143 mirum
1592 2092 1880 2163 quantum
1941 2084 2368 2157 emendaverit,
2437 2090 2638 2142 tamen

394 2170 707 2229 Benedicti
748 2172 991 2248 regulae
1035 2193 1151 2250 par
1195 2194 1318 2233 esse
1364 2194 1484 2233 non
1528 2176 1746 2252 potuit.
1837 2174 2221 2234 Manifestum
2276 2175 2388 2232 hoc
2440 2172 2511 2231 fit
2567 2192 2642 2230 ex

394 2260 659 2337 singulis,
708 2261 1076 2321 manifestius
1123 2282 1197 2319 ex
1242 2269 1371 2322 tota
1416 2265 1658 2341 regulae
1703 2265 2017 2341 utriusque
2050 2270 2282 2323 natura.
2343 2262 2436 2321 Ea
2483 2262 2639 2320 enim

394 2356 499 2422 est,
548 2349 709 2426 quod
754 2370 939 2426 aeque
985 2350 1199 2410 mirum
1246 2358 1337 2413 est
1382 2375 1451 2412 ac
1496 2363 1722 2426 notum,
1769 2356 1932 2413 vitae
1962 2352 2339 2411 monachicae
2369 2349 2636 2421 historia,

392 2447 461 2497 ut
504 2438 803 2511 monachi,
868 2459 1117 2515 quorum
1172 2442 1350 2517 primi
1406 2443 1788 2500 eremitarum
1836 2442 2020 2500 vitam
2069 2441 2335 2499 viventes
2381 2437 2636 2509 omnino,

394 2534 685 2603 quantum
729 2526 856 2583 fieri
903 2534 1127 2605 potest,
1190 2550 1221 2585 e
1270 2530 1487 2587 mundo
1533 2530 1833 2604 fugerant,
1897 2527 2208 2605 paullatim
2253 2526 2529 2607 redirent·
2563 2524 2640 2585 ad

395 2614 694 2693 mundana
757 2616 1015 2691 negotia.
1106 2617 1347 2690 Quanto
1406 2616 1566 2675 inter
1624 2638 1686 2675 se
1746 2616 2028 2677 differunt
2082 2614 2174 2675 St.
2219 2614 2522 2675 Antonius
2578 2619 2640 2673 et

396 2702 625 2779 Ignatii
670 2702 935 2778 Loyolae
982 2703 1277 2781 discipuli,
1326 2712 1549 2781 quanto
1582 2704 1978 2764 Orientalium
2024 2704 2296 2764 monachi
2343 2709 2402 2761 et
2447 2704 2639 2762 Bene·

396 2791 631 2851 dictini!
690 2792 1051 2852 Mon'asteria
1097 2792 1489 2865 Orientalium
1537 2794 1621 2853 nil
1669 2802 1840 2855 erant
1884 2794 2001 2853 nisi
2045 2800 2374 2853 ascetarum
2423 2798 2640 2863 coetus,

396 2880 759 2939 monasteria
805 2881 1233 2947 monachorum,
1256 2880 1351 2944 Sti
1381 2883 1698 2949 Benedicti
1745 2884 1961 2943 sensim
2007 2883 2436 2961 paullatimque
2483 2882 2642 2941 facta

398 2976 539 3029 sunt
598 2970 917 3027 seminaria
976 2972 1171 3031 cultus
1226 2980 1412 3050 ,atque
1473 2972 1890 3047 humanitatis,
1963 2972 2106 3050 quin
2169 2974 2348 3031 etiam
2411 2972 2641 3030 scholae

397 3058 617 3117 laboris
649 3059 745 3133 (cs.
776 3058 1081 3131 Haruack,
1128 3060 1233 3119 das
1265 3061 1670 3135 Mo‘nohthum,
1702 3083 1762 3140 p.
1789 3064 1868 3120 21
1904 3083 2050 3139 sqq.‚
2086 3063 2164 3121 31
2195 3082 2342 3138 sqq„
2378 3061 2458 3118 36
2487 3077 2644 3135 sqq-3

398 3146 701 3219 Uhlhorn,
772 3146 867 3204 die
929 3147 1267 3207 christliche
1322 3150 1869 3228 Liebesthatigkeit
1923 3151 1985 3207 in
2040 3150 2148 3209 der
2193 3150 2356 3208 alten
2400 3148 2644 3207 Kirche.

405 3235 593 3293 1882.
655 3256 713 3311 p.
762 3235 891 3293 344
937 3239 1107 3313 sqq.).
1200 3237 1401 3311 Quid?
1468 3246 1670 3299 utrum
1725 3240 1816 3299 his
1863 3260 1939 3298 an
1983 3238 2104 3297 illis
2149 3238 2460 3297 similiores
2507 3240 2646 3295 sunt

402 3323 726 3397 Columbae
803 3325 1116 3383 monachi?
1202 3326 1482 3385 Profecto
1557 3328 1962 3388 orientalibus.
2088 3326 2262 3386 Licet
2347 3326 2502 3387 enim
2576 3329 2646 3383 ut

399 3413 680 3472 Hiienses
730 3414 825 3490 (cf.
858 3433 1039 3491 supra
1068 3435 1127 3492 p.
1164 3417 1274 3492 70)
1321 3416 1407 3475 ita
1456 3422 1518 3474 et
1564 3416 1886 3475 Columbae
1933 3415 2328 3475 Luxoviensis
2375 3413 2647 3473 monachi

400 3502 584 3572 variis
647 3502 911 3580 corporis
971 3510 1033 3561 et
1092 3504 1320 3583 ingenii
1380 3505 1688 3565 laboribus
1749 3525 1990 3583 operam
2049 3504 2326 3565 dederint
2379 3505 2478 3581 (cf.
2522 3523 2648 3581 reg..

403 3590 676 3651 Columb.
722 3612 771 3651 c.
824 3592 921 3649 10.
968 3591 1129 3652 Bibl.
1175 3615 1313 3653 max
1357 3593 1511 3667 XII,
1559 3617 1616 3673 p.
1668 3595 1772 3673 5),ν
1799 3630 1882 3639 --
1930 3595 2380 3666 laboraverunt,
2433 3614 2509 3651 ne
2555 3611 2646 3651 so-

404 3680 604 3737 cordia
651 3701 719 3739 ac
765 3680 992 3739 desidia
1037 3673 1481 3757 marcescerent,
1530 3705 1647 3743 non
1694 3704 1836 3743 vero
1883 3704 1954 3742 eo
2000 3684 2262 3756 consili0,
2308 3690 2378 3741 ut
2423 3680 2652 3758 aliquid

405 3768 547 3826 boni
590 3770 971 3847 perficerent,
1037 3802 1111 3813 —
1178 3793 1316 3831 nam
1374 3773 1458 3831 nil
1506 3775 1874 3850 quaerebant
1927 3774 1991 3831 in
2035 3774 2146 3831 hoc
2191 3772 2428 3831 mundo.
2521 3768 2651 3829 Alii

404 3864 579 3915 erant
631 3857 678 3915 ii
724 3856 1037 3917 Scotorum
1093 3861 1391 3933 monachi,
1453 3863 1557 3938 qui
1610 3864 1800 3922 vitam
1854 3867 2096 3939 agentes
2151 3862 2215 3920 in
2277 3859 2652 3937 monasteriis

404 3944 599 4003 medio
645 3945 706 4003 in
748 3946 970 4023 populo
1005 3948 1345 4009 constitutis
1375 3950 1704 4010 animarum
1736 3972 1938 4011 curam
1968 3953 2257 4029 gerebant
2301 3950 2365 4007 in
2411 3949 2652 4026 regione

406 4052 513 4091 sua
560 4033 657 4108 (cf.
698 4054 877 4111 supra
922 4056 980 4112 p.
1017 4034 1144 4113 67),
1192 4038 1296 4097 sed
1342 4039 1413 4097 de
1460 4038 1579 4097 illis
1624 4060 1780 4099 nunc
1825 4060 1946 4099 non
1991 4041 2208 4118 agitur,
2255 4058 2393 4096 nam
2438 4038 2500 4112 ii,
2550 4036 2654 4115 qui

407 4122 469 4180 in
518 4120 775 4181 Galliam
818 4128 879 4181 et
911 4122 1292 4185 Germaniam
1339 4134 1647 4201 venerunt,
1694 4129 1916 4188 diversi
1961 4135 2133 4187 erant
2181 4128 2255 4185 ab
2300 4126 2438 4200 illis,
2483 4145 2650 4204 pere·

406 4210 705 4289 grinaturi
766 4211 972 4269 eodem
1033 4218 1301 4291 tempore
1362 4216 1435 4274 de
1489 4217 1687 4293 patria
1734 4218 2130 4276 discesserant
2175 4222 2236 4275 et
2282 4214 2356 4273 de
2401 4216 2652 4287 theatr0,

409 4300 565 4377 quod
612 4307 828 4359 natura
874 4301 1198 4363 virtutibus
1254 4325 1455 4363 eorum
1511 4304 1716 4365 datum
1773 4312 1933 4378 erat;
2002 4303 2256 4365 solitarii
2311 4304 2497 4365 vitam
2553 4304 2652 4363 de-
