3259 5084
1315 268 1389 279 ..-
1490 235 1568 293 61
1672 268 1745 277 ..-

413 412 717 495 perfectos
780 414 952 489 Quod
1000 416 1134 491 quis
1181 415 1427 473 audiens
1473 414 1589 474 sibi
1626 415 1986 493 persuadeat
2030 415 2258 473 nullum
2303 422 2447 473 tunc
2475 416 2656 476 fuisse

412 506 475 563 in
542 505 839 563 Hibernia
902 505 1243 583 episcopum
1305 504 1555 563 similem
1616 509 1918 581 potestate
1976 506 2080 578 iis,
2144 505 2248 582 qui
2305 504 2656 581 Hieronymi

412 594 782 672 temporibus
827 593 1105 652 fuerant?

604 683 873 743 Tertium
922 683 1080 760 quod
1111 682 1273 761 apud
1306 680 1727 741 Adamnanum
1759 682 2166 762 episcoporum
2201 684 2288 742 ita
2317 682 2388 741 fit
2417 684 2656 756 menti0,

417 776 487 830 ut
533 793 650 831 non
698 773 886 831 solum
932 778 1223 850 appareat
1266 770 1692 830 Adamnanum
1737 772 1946 830 fecisse
1992 771 2309 830 discrimen
2355 772 2513 830 inter
2559 792 2658 831 eos

421 862 523 939 qui
570 862 834 941 episcopi
881 868 942 919 et
988 882 1087 921 eos
1134 860 1237 938 qui
1282 862 1533 921 abbates
1580 862 1998 938 apellabantur
2046 862 2188 936 (vid.
2225 862 2280 933 3,
2316 862 2397 918 90
2447 862 2510 919 in
2539 860 2656 919 fine

413 972 472 1029 p.
507 952 633 1007 229
670 951 740 1012 cf.
778 952 903 1027 91),
950 951 1052 1009 sed
1100 951 1281 1010 etiam
1326 957 1397 1009 ut
1441 951 1819 1009 manifest-um
1859 950 1966 1009 fiat
2009 950 2204 1027 ipsum
2235 949 2654 1008 Adamnanum

414 1047 655 1118 putasse
704 1039 951 1116 singulis
983 1040 1279 1118 episcopis
1310 1040 1491 1099 fuisse
1522 1040 1864 1118 parochiam
1897 1037 2074 1112 certis
2104 1038 2321 1098 finibus
2367 1038 2654 1098 inclusam

414 1130 498 1204 (1,
549 1130 652 1201 29,
700 1150 757 1206 p.
808 1129 935 1185 208
996 1150 1187 1200 „unus
1247 1127 1319 1189 de
1369 1126 1727 1210 praepositis
1782 1136 1914 1187 tuae
1959 1126 2310 1188 dioeceseos“
2358 1130 2429 1186 cf.
2477 1148 2658 1205 supra

414 1239 471 1296 p.
508 1216 615 1291 59;
672 1219 725 1291 1,
773 1218 874 1291 40,
921 1238 977 1295 p.
1011 1219 1159 1277 212.
1209 1220 1264 1291 3,
1317 1219 1417 1291 90,
1470 1219 1595 1275 229
1645 1216 1984 1297 „epe-scopus
2030 1210 2498 1298 Layinensis“?)

596 1307 887 1380 Quartum
935 1307 1206 1385 denique,
1254 1308 1429 1383 quod,
1472 1307 1625 1366 sicut
1657 1313 1864 1385 postea
1895 1306 2241 1381 videbimus,
2288 1306 2350 1365 in
2379 1306 2654 1366 Nordan·

414 1387 689 1473 hymbria
734 1396 903 1455 sedes
952 1397 1317 1475 episcopales
1362 1416 1483 1455 non
1528 1397 1861 1455 defuerunt.

595 1485 764 1558 Quae
812 1506 943 1547 cum
977 1486 1063 1545 ita
1094 1487 1231 1561 sint,
1262 1486 1327 1544 in
1358 1486 1461 1545 illo
1494 1486 1597 1545 vix
1628 1505 1790 1564 papa
1837 1484 2077 1555 erravit,
2111 1485 2270 1560 quod
2301 1484 2655 1543 Hiberniam

416 1574 480 1633 in
541 1574 907 1653 episcopales
964 1576 1275 1653 parochias
1337 1575 1587 1634 divisam
1661 1595 1784 1633 esse
1847 1574 2104 1652 putavit.
2211 1574 2380 1646 Quae
2441 1572 2654 1631 divisio

418 1683 559 1721 num
604 1684 868 1740 unquam
914 1664 1147 1741 legibus
1193 1664 1423 1723 sancita
1468 1664 1572 1737 sit,
1628 1664 1693 1721 in
1740 1663 1934 1722 medio
1980 1662 2276 1739 relinquo,
2337 1662 2478 1738 quia
2523 1682 2655 1719 con-

412 1752 739 1827 jiciendum
802 1758 893 1812 est
956 1775 1083 1813 eam
1142 1756 1471 1832 profectam
1532 1772 1658 1811 esse
1727 1752 1800 1810 de
1861 1752 2020 1812 civili
2079 1752 2288 1830 populi
2342 1750 2655 1809 Hibernici

419 1841 725 1916 divisione,
774 1842 845 1900 de
894 1862 1011 1919 qua
1056 1862 1239 1919 supra
1283 1842 1508 1900 dictum
1556 1848 1646 1900 est
1693 1842 1776 1918 (p.
1813 1840 1941 1917 56).

597 1930 673 1988 In
720 1930 967 2007 singulis
1014 1937 1211 1989 autem
1256 1929 1553 2010 parochiis
1603 1930 1707 2007 qui
1749 1930 1936 1989 fuerit
1989 1934 2182 1989 status
2230 1928 2657 1988 ecclesiasticus

425 2018 584 2075 haud
631 2019 804 2077 facile
850 2025 942 2079 est
1004 2019 1079 2078 ad
1138 2019 1632 2097 cognoscendum,
1696 2020 1836 2096 quia
1895 2019 1958 2077 in
2019 2019 2210 2078 medio
2268 2020 2658 2094 relinquenda

426 2113 515 2165 est
548 2107 691 2165 haec
722 2108 1073 2185 gravissima
1102 2110 1388 2185 quaestiO,
1434 2114 1636 2167 utrum
1675 2129 1876 2167 omnes
1923 2108 2200 2188 episcopi,
2249 2128 2448 2167 omnes
2493 2128 2656 2186 pres-

426 2196 623 2271 byteri
670 2202 731 2255 et
787 2196 1017 2255 diaconi
1080 2199 1353 2255 monachi
1414 2198 1656 2271 fuerint,
1719 2218 1794 2255 an
1855 2204 2096 2277 praeter
2155 2200 2482 2275 permultos
2543 2218 2656 2268 eoae,

423 2285 526 2361 qui
572 2286 973 2345 monachicam
1021 2286 1229 2345 vitam.
1254 2286 1514 2366 amplexi
1562 2292 1760 2361 erant,
1821 2288 1924 2345 alii
1981 2288 2208 2345 fuerint
2264 2287 2464 2345 clerici
2509 2286 2658 2343 nulli

420 2374 780 2433 monasterio
828 2375 1089 2452 ascripti.
1182 2376 1567 2453 Negaverunt
1622 2377 1776 2435 hanc
1833 2376 2236 2453 quaestionem
2285 2375 2550 2433 Toddius
2597 2382 2658 2431 et

422 2462 677 2521 Skenius
726 2464 835 2540 (II,
883 2486 939 2541 p.
992 2464 1103 2541 42)
1160 2486 1351 2542 neque
1416 2486 1523 2542 ego
1584 2465 1922 2523 dubitarem
1984 2464 2261 2522 accedere
2323 2464 2402 2522 ad
2455 2484 2654 2521 eorum

419 2552 793 2624 sententiam,
827 2552 941 2611 nisi
972 2574 1163 2629 pauca
1196 2560 1409 2625 essent,
1457 2573 1607 2629 quae
1638 2572 1764 2611 rem
1795 2553 1858 2611 in
1890 2552 2324 2611 dubitationem
2355 2558 2654 2613 vocarent.

418 2640 593 2699 Dixit
658 2640 813 2698 enim
874 2641 1209 2717 aliquande,
1256 2648 1325 2700 ut
1387 2642 1561 2699 modo
1609 2641 2076 2714 commemoravi,
2125 2642 2414 2701 Columba
2459 2642 2654 2700 Luxo-

420 2729 653 2802 viensis,
703 2722 985 2789 Sanctum
1014 2726 1447 2809 Hieronymum
1477 2726 1724 2810 jussisse
1768 2728 2064 2812 epi-scopos
2101 2729 2326 2789 imitari
2367 2726 2656 2810 apostolos

418 2814 730 2878 monachos
775 2837 911 2878 vero
957 2816 1215 2879 docuisse
1258 2818 1420 2901 sequi
1445 2827 1654 2899 patres
1689 2817 2014 2901 perfect083
2073 2817 2192 2878 alia
2246 2818 2400 2879 enim
2445 2838 2560 2880 esse
2605 2827 2656 2878 et

419 2904 539 2966 alia
598 2904 936 2967 clericorum
998 2916 1050 2967 et
1109 2906 1528 2969 monachorum
1590 2906 1933 2969 documenta
1981 2917 2034 2969 et
2085 2905 2250 2990 lonqe
2293 2906 2372 2967 ab
2415 2906 2655 2967 invicem

418 3004 693 3075 separata
742 2998 859 3075 (ep.
896 3000 932 3055 2
981 2997 1123 3057 bibl.
1172 3020 1323 3071 max,
1370 3004 1525 3075 patr.
1567 3000 1664 3071 12,
1711 3020 1767 3075 p.
1804 3000 1884 3055 26
1920 2998 2039 3073 D.).
2104 2998 2276 3071 Quod
2323 2997 2432 3055 etsi
2467 2996 2656 3055 Gallis

419 3084 643 3143 dictum
692 3093 798 3159 est,
847 3093 1045 3146 tamen
1090 3088 1483 3166 suspicionem
1530 3093 1730 3147 movet
1773 3088 1837 3144 in
1869 3086 2164 3145 Hibernia
2197 3106 2430 3163 quoque
2474 3084 2656 3143 fuisse

420 3174 747 3251 episcopos,
798 3174 899 3252 qui
946 3176 1217 3233 monachi
1262 3197 1379 3235 non
1429 3182 1621 3235 essent
1657 3182 1814 3234 certe
1863 3196 1983 3234 non
2031 3176 2292 3251 ejusdem
2338 3172 2656 3233 strictioris

419 3263 832 3322 observantiae
880 3263 1152 3322 monachi
1197 3269 1377 3339 atque
1426 3262 1718 3322 Columba
1765 3265 1862 3339 (cf.
1909 3264 2110 3339 infra).

601 3351 801 3425 Quid?
848 3353 1059 3412 Nonne
1107 3358 1167 3410 et
1213 3352 1341 3429 ipse
1386 3352 1485 3410 ille
1532 3350 1730 3411 Ajdus
1775 3348 2088 3411 civitatis
2129 3346 2464 3430 Sleptiensie
2507 3348 2653 3433 epis-

418 3460 601 3519 copus
648 3441 809 3517 (Lib.
841 3441 1053 3500 Ardm.
1086 3440 1281 3519 Capit.
1314 3441 1479 3512 Aidi,
1526 3441 1797 3501 Betham.
1831 3441 1916 3513 ΙΙ,
1951 3462 2086 3519 app.
2118 3440 2362 3518 XLIV)
2409 3440 2654 3499 eandem

420 3530 812 3607 suspicionem
861 3552 1095 3590 movere
1140 3537 1367 3609 potest,
1430 3531 1786 3607 simulatque
1847 3531 2088 3607 legeris,
2136 3551 2284 3608 quae
2332 3530 2405 3588 de
2451 3530 2653 3587 discri-

418 3619 575 3677 mine
605 3620 764 3677 inter
796 3621 1099 3699 episcopos
1131 3620 1473 3680 monasterii
1506 3626 1565 3679 et
1606 3620 1914 3698 episcopos
1961 3620 2219 3680 civitatis
2249 3619 2655 3695 Harttungius

418 3708 675 3786 protulit
723 3709 1241 3788 (Diplomat.-hist.
1288 3710 1533 3769 Forsch.
1582 3731 1640 3788 p.
1691 3709 1772 3767 35
1823 3710 1894 3767 cf.
1953 3716 2072 3769 not.
2127 3709 2230 3786 1)?
2309 3707 2452 3766 Alia
2517 3728 2654 3767 vero

418 3798 595 3871 hujus
642 3797 729 3856 rei
776 3798 1118 3857 testimonia
1164 3819 1255 3856 me
1303 3819 1423 3856 non
1468 3799 1768 3858 invenisse
1815 3790 2124 3871 confiteor,
2181 3799 2284 3856 sed
2329 3797 2489 3857 haud
2535 3797 2654 3856 scio

420 3905 498 3942 an
551 3888 716 3959 justo
780 3887 913 3964 plus
976 3887 1092 3945 viri
1151 3887 1311 3945 docti
1388 3888 1680 3947 rationem
1749 3888 2067 3947 habuerint
2127 3888 2382 3946 vitarum
2451 3906 2654 3945 eorum

420 3972 802 4047 Sanctorum,
865 3996 1011 4052 quos
1074 3978 1387 4035 monachos
1447 3975 1627 4035 fuisse
1693 3982 1918 4035 certum
1975 3983 2082 4037 est.
2172 3974 2276 4035 An
2323 3976 2653 4034 mirandum

421 4069 592 4135 esset,
640 4064 814 4140 quod,
863 4066 912 4121 si
960 4065 1064 4141 qui
1109 4066 1361 4125 fuissent
1407 4066 1471 4123 in
1518 4066 1762 4124 ecclesia
1809 4066 2122 4126 Scotorum
2170 4065 2445 4142 episcopi,
2493 4082 2652 4141 pres-

419 4153 634 4231 byteri,
683 4152 931 4225 diaconi,
983 4156 1087 4231 qui
1132 4154 1405 4213 monachi
1452 4174 1567 4212 non
1616 4162 1836 4227 essent,
1884 4155 2166 4213 memoria
2213 4172 2414 4211 eorum
2461 4152 2656 4210 deleta

420 4249 576 4301 esset
640 4242 800 4321 apud
861 4242 1024 4316 illos,
1103 4244 1205 4320 qui
1268 4243 1685 4302 monachorum
1749 4244 1903 4303 vitas
1965 4241 2442 4302 conscriberent?
2536 4240 2655 4299 Sed
