<?xml version="1.0" encoding="UTF-8"?>
<!DOCTYPE html PUBLIC "-//W3C//DTD XHTML 1.0 Transitional//EN"
    "http://www.w3.org/TR/xhtml1/DTD/xhtml1-transitional.dtd">
<html xmlns="http://www.w3.org/1999/xhtml" xml:lang="en" lang="en">
 <head>
  <title>
</title>
<meta http-equiv="Content-Type" content="text/html;charset=utf-8" />
  <meta name='ocr-system' content='tesseract 3.04.00' />
  <meta name='ocr-capabilities' content='ocr_page ocr_carea ocr_par ocr_line ocrx_word'/>
</head>
<body>
  <div class='ocr_page' id='page_1' title='image "./antiquaebritonu02loofgoog_0062.png"; bbox 0 0 3259 5084; ppageno 0'>
   <div class='ocr_carea' id='block_1_1' title="bbox 1515 225 1952 282">
    <p class='ocr_par' dir='ltr' id='par_1_1' title="bbox 1515 225 1952 282">
     <span class='ocr_line' id='line_1_1' title="bbox 1515 225 1952 282; baseline 0 -12"><span class='ocrx_word' id='word_1_1' title='bbox 1515 225 1952 282; x_wconf 77' lang='lat'>—54—</span> 
     </span>
    </p>
   </div>
   <div class='ocr_carea' id='block_1_2' title="bbox 553 402 2877 3777">
    <p class='ocr_par' dir='ltr' id='par_1_2' title="bbox 611 402 2863 1194">
     <span class='ocr_line' id='line_1_2' title="bbox 617 402 2860 480; baseline 0 -16"><span class='ocrx_word' id='word_1_2' title='bbox 617 404 792 477; x_wconf 87' lang='lat' dir='ltr'><strong>editis</strong></span> <span class='ocrx_word' id='word_1_3' title='bbox 839 404 924 462; x_wconf 89' lang='lat' dir='ltr'><strong>nil</strong></span> <span class='ocrx_word' id='word_1_4' title='bbox 970 402 1140 464; x_wconf 88' lang='lat' dir='ltr'><strong>verbi</strong></span> <span class='ocrx_word' id='word_1_5' title='bbox 1186 402 1428 475; x_wconf 86' lang='lat' dir='ltr'><strong>addam,</strong></span> <span class='ocrx_word' id='word_1_6' title='bbox 1477 424 1616 462; x_wconf 85' lang='lat' dir='ltr'><strong>nam</strong></span> <span class='ocrx_word' id='word_1_7' title='bbox 1662 423 1863 462; x_wconf 90' lang='lat' dir='ltr'><strong>omnes</strong></span> <span class='ocrx_word' id='word_1_8' title='bbox 1908 424 2029 464; x_wconf 90' lang='lat' dir='ltr'><strong>non</strong></span> <span class='ocrx_word' id='word_1_9' title='bbox 2076 405 2311 463; x_wconf 85' lang='lat' dir='ltr'><strong>exclusa</strong></span> <span class='ocrx_word' id='word_1_10' title='bbox 2356 404 2659 478; x_wconf 75' lang='lat' dir='ltr'><strong>cumeani,</strong></span> <span class='ocrx_word' id='word_1_11' title='bbox 2706 425 2860 480; x_wconf 89' lang='lat' dir='ltr'><strong>quae</strong></span> 
     </span>
     <span class='ocr_line' id='line_1_3' title="bbox 616 490 2859 575; baseline -0 -22"><span class='ocrx_word' id='word_1_12' title='bbox 616 499 890 575; x_wconf 86' lang='lat' dir='ltr'><strong>putatur,</strong></span> <span class='ocrx_word' id='word_1_13' title='bbox 951 493 1079 553; x_wconf 86' lang='lat' dir='ltr'><strong>vita</strong></span> <span class='ocrx_word' id='word_1_14' title='bbox 1143 490 1306 568; x_wconf 83' lang='lat' dir='ltr'><strong>(Act.</strong></span> <span class='ocrx_word' id='word_1_15' title='bbox 1340 491 1446 552; x_wconf 82' lang='lat' dir='ltr'><strong>SS.</strong></span> <span class='ocrx_word' id='word_1_16' title='bbox 1477 492 1635 552; x_wconf 92' lang='lat' dir='ltr'><strong>Boll.</strong></span> <span class='ocrx_word' id='word_1_17' title='bbox 1664 493 1799 552; x_wconf 88' lang='lat' dir='ltr'><strong>Juli</strong></span> <span class='ocrx_word' id='word_1_18' title='bbox 1836 494 1891 550; x_wconf 87' lang='lat'><strong>9.</strong></span> <span class='ocrx_word' id='word_1_19' title='bbox 1922 515 1981 571; x_wconf 88' lang='lat' dir='ltr'><strong>p.</strong></span> <span class='ocrx_word' id='word_1_20' title='bbox 2020 492 2141 552; x_wconf 88' lang='lat'><strong>185</strong></span> <span class='ocrx_word' id='word_1_21' title='bbox 2175 495 2329 569; x_wconf 90' lang='lat' dir='ltr'><strong>sqq.)</strong></span> <span class='ocrx_word' id='word_1_22' title='bbox 2384 495 2461 554; x_wconf 85' lang='lat' dir='ltr'><strong>ab</strong></span> <span class='ocrx_word' id='word_1_23' title='bbox 2517 493 2859 553; x_wconf 85' lang='lat' dir='ltr'><strong>Adamnani</strong></span> 
     </span>
     <span class='ocr_line' id='line_1_4' title="bbox 617 580 2859 661; baseline -0 -19"><span class='ocrx_word' id='word_1_24' title='bbox 617 585 771 643; x_wconf 90' lang='lat' dir='ltr'><strong>libro</strong></span> <span class='ocrx_word' id='word_1_25' title='bbox 816 584 1116 661; x_wconf 76' lang='lat' dir='ltr'><strong>profectas</strong></span> <span class='ocrx_word' id='word_1_26' title='bbox 1163 601 1288 642; x_wconf 87' lang='lat' dir='ltr'><strong>esse</strong></span> <span class='ocrx_word' id='word_1_27' title='bbox 1335 580 1628 640; x_wconf 85' lang='lat' dir='ltr'><strong>Schoellio</strong></span> <span class='ocrx_word' id='word_1_28' title='bbox 1684 582 2073 642; x_wconf 79' lang='lat' dir='ltr'><strong>libentissime</strong></span> <span class='ocrx_word' id='word_1_29' title='bbox 2124 582 2394 650; x_wconf 81' lang='lat' dir='ltr'><strong>concedo,</strong></span> <span class='ocrx_word' id='word_1_30' title='bbox 2484 583 2692 660; x_wconf 86' lang='lat' dir='ltr'>Neque</span> <span class='ocrx_word' id='word_1_31' title='bbox 2738 605 2859 642; x_wconf 87' lang='lat' dir='ltr'><strong>ma·</strong></span> 
     </span>
     <span class='ocr_line' id='line_1_5' title="bbox 611 670 2863 750; baseline -0.001 -18"><span class='ocrx_word' id='word_1_32' title='bbox 611 673 763 750; x_wconf 84' lang='lat' dir='ltr'><strong>joris</strong></span> <span class='ocrx_word' id='word_1_33' title='bbox 809 672 1092 731; x_wconf 78' lang='lat' dir='ltr'><strong>momenti</strong></span> <span class='ocrx_word' id='word_1_34' title='bbox 1140 676 1230 730; x_wconf 86' lang='lat' dir='ltr'><strong>est</strong></span> <span class='ocrx_word' id='word_1_35' title='bbox 1273 670 1402 730; x_wconf 84' lang='lat' dir='ltr'><strong>vita</strong></span> <span class='ocrx_word' id='word_1_36' title='bbox 1447 671 1554 730; x_wconf 91' lang='lat' dir='ltr'><strong>illa</strong></span> <span class='ocrx_word' id='word_1_37' title='bbox 1597 671 1906 730; x_wconf 87' lang='lat' dir='ltr'><strong>hibernico</strong></span> <span class='ocrx_word' id='word_1_38' title='bbox 1954 692 2220 730; x_wconf 84' lang='lat' dir='ltr'><strong>sermone</strong></span> <span class='ocrx_word' id='word_1_39' title='bbox 2266 673 2625 750; x_wconf 87' lang='lat' dir='ltr'><strong>conscripta,</strong></span> <span class='ocrx_word' id='word_1_40' title='bbox 2684 693 2863 749; x_wconf 89' lang='lat' dir='ltr'><strong>quam</strong></span> 
     </span>
     <span class='ocr_line' id='line_1_6' title="bbox 617 755 2861 839; baseline -0.001 -17"><span class='ocrx_word' id='word_1_41' title='bbox 617 782 772 822; x_wconf 92' lang='lat' dir='ltr'><strong>anno</strong></span> <span class='ocrx_word' id='word_1_42' title='bbox 812 763 978 821; x_wconf 89' lang='lat'>1877</span> <span class='ocrx_word' id='word_1_43' title='bbox 1028 759 1339 820; x_wconf 84' lang='lat' dir='ltr'><strong>Stokesius</strong></span> <span class='ocrx_word' id='word_1_44' title='bbox 1385 755 1606 836; x_wconf 65' lang='lat' dir='ltr'><strong>(Thi-ee</strong></span> <span class='ocrx_word' id='word_1_45' title='bbox 1648 758 1871 821; x_wconf 81' lang='lat' dir='ltr'><strong>middle</strong></span> <span class='ocrx_word' id='word_1_46' title='bbox 1916 757 2062 820; x_wconf 74' lang='lat' dir='ltr'><strong>irieh</strong></span> <span class='ocrx_word' id='word_1_47' title='bbox 2107 757 2369 820; x_wconf 79' lang='lat' dir='ltr'><strong>homilies</strong></span> <span class='ocrx_word' id='word_1_48' title='bbox 2414 767 2523 820; x_wconf 85' lang='lat' dir='ltr'><strong>eto.</strong></span> <span class='ocrx_word' id='word_1_49' title='bbox 2572 762 2645 820; x_wconf 82' lang='lat' dir='ltr'><strong>cf.</strong></span> <span class='ocrx_word' id='word_1_50' title='bbox 2680 782 2861 839; x_wconf 88' lang='lat' dir='ltr'><strong>supra</strong></span> 
     </span>
     <span class='ocr_line' id='line_1_7' title="bbox 617 847 2861 931; baseline -0.001 -21"><span class='ocrx_word' id='word_1_51' title='bbox 617 874 676 931; x_wconf 92' lang='lat' dir='ltr'><strong>p.</strong></span> <span class='ocrx_word' id='word_1_52' title='bbox 697 852 837 924; x_wconf 78' lang='lat'><strong>‚33‚</strong></span> <span class='ocrx_word' id='word_1_53' title='bbox 898 871 957 929; x_wconf 90' lang='lat' dir='ltr'><strong>p.</strong></span> <span class='ocrx_word' id='word_1_54' title='bbox 1015 847 1349 925; x_wconf 82' lang='lat'>90—125)</span> <span class='ocrx_word' id='word_1_55' title='bbox 1412 855 1472 908; x_wconf 91' lang='lat' dir='ltr'><strong>et</strong></span> <span class='ocrx_word' id='word_1_56' title='bbox 1531 850 1735 908; x_wconf 88' lang='lat' dir='ltr'><strong>eodem</strong></span> <span class='ocrx_word' id='word_1_57' title='bbox 1796 871 1950 908; x_wconf 90' lang='lat' dir='ltr'><strong>anno</strong></span> <span class='ocrx_word' id='word_1_58' title='bbox 2018 849 2289 926; x_wconf 90' lang='lat' dir='ltr'><strong>pluribus</strong></span> <span class='ocrx_word' id='word_1_59' title='bbox 2358 850 2654 910; x_wconf 76' lang='lat' dir='ltr'><strong>codicibus</strong></span> <span class='ocrx_word' id='word_1_60' title='bbox 2722 869 2861 908; x_wconf 89' lang='lat' dir='ltr'><strong>usus</strong></span> 
     </span>
     <span class='ocr_line' id='line_1_8' title="bbox 623 936 2861 1017; baseline -0 -19"><span class='ocrx_word' id='word_1_61' title='bbox 623 938 958 1017; x_wconf 84' lang='lat' dir='ltr'><strong>Anglieane</strong></span> <span class='ocrx_word' id='word_1_62' title='bbox 1004 958 1348 997; x_wconf 80' lang='lat' dir='ltr'><strong>conversam</strong></span> <span class='ocrx_word' id='word_1_63' title='bbox 1409 936 1666 998; x_wconf 88' lang='lat' dir='ltr'><strong>Skenius</strong></span> <span class='ocrx_word' id='word_1_64' title='bbox 1726 939 1837 1015; x_wconf 88' lang='grc' dir='ltr'>(ΙΙ,</span> <span class='ocrx_word' id='word_1_65' title='bbox 1882 959 2019 1016; x_wconf 89' lang='lat' dir='ltr'><strong>app.</strong></span> <span class='ocrx_word' id='word_1_66' title='bbox 2065 961 2125 1017; x_wconf 89' lang='lat' dir='ltr'><strong>p.</strong></span> <span class='ocrx_word' id='word_1_67' title='bbox 2176 940 2301 998; x_wconf 89' lang='grc'><strong>467</strong></span> <span class='ocrx_word' id='word_1_68' title='bbox 2349 942 2504 1017; x_wconf 85' lang='lat' dir='ltr'><strong>sqq.)</strong></span> <span class='ocrx_word' id='word_1_69' title='bbox 2550 939 2613 1000; x_wconf 90' lang='lat' dir='ltr'><strong>in</strong></span> <span class='ocrx_word' id='word_1_70' title='bbox 2672 940 2861 998; x_wconf 88' lang='lat' dir='ltr'><strong>lucem</strong></span> 
     </span>
     <span class='ocr_line' id='line_1_9' title="bbox 620 1027 2863 1104; baseline -0.001 -16"><span class='ocrx_word' id='word_1_71' title='bbox 620 1029 957 1101; x_wconf 83' lang='lat' dir='ltr'><strong>ediderunt3</strong></span> <span class='ocrx_word' id='word_1_72' title='bbox 1028 1047 1162 1086; x_wconf 89' lang='lat' dir='ltr'><strong>nam</strong></span> <span class='ocrx_word' id='word_1_73' title='bbox 1225 1027 1458 1086; x_wconf 86' lang='lat' dir='ltr'><strong>saeculo</strong></span> <span class='ocrx_word' id='word_1_74' title='bbox 1519 1027 1830 1087; x_wconf 87' lang='lat' dir='ltr'><strong>undecimo</strong></span> <span class='ocrx_word' id='word_1_75' title='bbox 1890 1027 2192 1104; x_wconf 78' lang='lat' dir='ltr'><strong>antiquior</strong></span> <span class='ocrx_word' id='word_1_76' title='bbox 2254 1049 2381 1088; x_wconf 90' lang='lat' dir='ltr'><strong>esse</strong></span> <span class='ocrx_word' id='word_1_77' title='bbox 2450 1028 2659 1104; x_wconf 88' lang='lat' dir='ltr'><strong>nequit</strong></span> <span class='ocrx_word' id='word_1_78' title='bbox 2720 1028 2863 1104; x_wconf 85' lang='lat' dir='ltr'><strong>(vid.</strong></span> 
     </span>
     <span class='ocr_line' id='line_1_10' title="bbox 621 1115 2435 1194; baseline -0.001 -17"><span class='ocrx_word' id='word_1_79' title='bbox 621 1117 836 1178; x_wconf 85' lang='lat' dir='ltr'><strong>Stokes</strong></span> <span class='ocrx_word' id='word_1_80' title='bbox 868 1139 927 1194; x_wconf 89' lang='lat' dir='ltr'><strong>p.</strong></span> <span class='ocrx_word' id='word_1_81' title='bbox 960 1115 1170 1191; x_wconf 89' lang='lat' dir='ltr'>VIII).</span> <span class='ocrx_word' id='word_1_82' title='bbox 1264 1115 1383 1175; x_wconf 85' lang='lat' dir='ltr'><strong>Sed</strong></span> <span class='ocrx_word' id='word_1_83' title='bbox 1428 1115 1619 1192; x_wconf 81' lang='lat' dir='ltr'><strong>ipsam</strong></span> <span class='ocrx_word' id='word_1_84' title='bbox 1666 1137 1793 1175; x_wconf 91' lang='lat' dir='ltr'><strong>rem</strong></span> <span class='ocrx_word' id='word_1_85' title='bbox 1832 1119 1958 1191; x_wconf 84' lang='lat' dir='ltr'><strong>jam</strong></span> <span class='ocrx_word' id='word_1_86' title='bbox 2006 1117 2435 1194; x_wconf 78' lang='lat' dir='ltr'><strong>aggrediamur.</strong></span> 
     </span>
    </p>

    <p class='ocr_par' dir='ltr' id='par_1_3' title="bbox 553 1203 2877 3777">
     <span class='ocr_line' id='line_1_11' title="bbox 801 1203 2861 1283; baseline -0.001 -17"><span class='ocrx_word' id='word_1_87' title='bbox 801 1205 1092 1266; x_wconf 89' lang='lat' dir='ltr'><strong>Columba</strong></span> <span class='ocrx_word' id='word_1_88' title='bbox 1137 1203 1340 1281; x_wconf 83' lang='lat' dir='ltr'><strong>igitur,</strong></span> <span class='ocrx_word' id='word_1_89' title='bbox 1387 1204 1689 1263; x_wconf 90' lang='lat' dir='ltr'><strong>hibernice</strong></span> <span class='ocrx_word' id='word_1_90' title='bbox 1723 1205 1933 1266; x_wconf 90' lang='lat' dir='ltr'><strong>Colum</strong></span> <span class='ocrx_word' id='word_1_91' title='bbox 1980 1212 2041 1264; x_wconf 92' lang='lat' dir='ltr'><strong>et</strong></span> <span class='ocrx_word' id='word_1_92' title='bbox 2085 1212 2295 1283; x_wconf 89' lang='lat' dir='ltr'><strong>postea</strong></span> <span class='ocrx_word' id='word_1_93' title='bbox 2327 1205 2671 1266; x_wconf 84' lang='lat' dir='ltr'><strong>Columcille</strong></span> <span class='ocrx_word' id='word_1_94' title='bbox 2717 1207 2779 1282; x_wconf 89' lang='lat' dir='ltr'><strong>(i.</strong></span> <span class='ocrx_word' id='word_1_95' title='bbox 2812 1229 2861 1265; x_wconf 89' lang='lat' dir='ltr'><strong>e.</strong></span> 
     </span>
     <span class='ocr_line' id='line_1_12' title="bbox 621 1283 2863 1373; baseline -0.001 -17"><span class='ocrx_word' id='word_1_96' title='bbox 621 1295 912 1356; x_wconf 83' lang='lat' dir='ltr'><strong>Columba</strong></span> <span class='ocrx_word' id='word_1_97' title='bbox 959 1293 1139 1352; x_wconf 88' lang='lat' dir='ltr'><strong>cellae</strong></span> <span class='ocrx_word' id='word_1_98' title='bbox 1184 1293 1280 1352; x_wconf 88' lang='lat' dir='ltr'><strong>vel</strong></span> <span class='ocrx_word' id='word_1_99' title='bbox 1327 1293 1624 1367; x_wconf 87' lang='lat' dir='ltr'><strong>ecclesiae,</strong></span> <span class='ocrx_word' id='word_1_100' title='bbox 1657 1294 1969 1352; x_wconf 85' lang='lat' dir='ltr'><strong>Windisch</strong></span> <span class='ocrx_word' id='word_1_101' title='bbox 2015 1295 2097 1353; x_wconf 89' lang='lat' dir='ltr'><strong>Ir.</strong></span> <span class='ocrx_word' id='word_1_102' title='bbox 2140 1283 2329 1355; x_wconf 80' lang='lat' dir='ltr'><strong>Texte</strong></span> <span class='ocrx_word' id='word_1_103' title='bbox 2379 1317 2437 1373; x_wconf 89' lang='lat' dir='ltr'><strong>p.</strong></span> <span class='ocrx_word' id='word_1_104' title='bbox 2471 1298 2619 1368; x_wconf 89' lang='lat'>871,</span> <span class='ocrx_word' id='word_1_105' title='bbox 2666 1294 2863 1356; x_wconf 89' lang='lat' dir='ltr'><strong>Skene</strong></span> 
     </span>
     <span class='ocr_line' id='line_1_13' title="bbox 619 1381 2863 1462; baseline 0 -18"><span class='ocrx_word' id='word_1_106' title='bbox 619 1384 705 1458; x_wconf 89' lang='lat' dir='ltr'><strong>II,</strong></span> <span class='ocrx_word' id='word_1_107' title='bbox 736 1406 794 1462; x_wconf 89' lang='lat' dir='ltr'><strong>p.</strong></span> <span class='ocrx_word' id='word_1_108' title='bbox 831 1383 938 1458; x_wconf 82' lang='lat'><strong>52)</strong></span> <span class='ocrx_word' id='word_1_109' title='bbox 972 1403 1126 1440; x_wconf 89' lang='lat' dir='ltr'><strong>anno</strong></span> <span class='ocrx_word' id='word_1_110' title='bbox 1163 1381 1285 1441; x_wconf 80' lang='lat'><strong>521</strong></span> <span class='ocrx_word' id='word_1_111' title='bbox 1338 1383 1402 1440; x_wconf 91' lang='lat' dir='ltr'><strong>in</strong></span> <span class='ocrx_word' id='word_1_112' title='bbox 1432 1383 1731 1442; x_wconf 87' lang='lat' dir='ltr'><strong>Hibernia</strong></span> <span class='ocrx_word' id='word_1_113' title='bbox 1762 1389 1939 1444; x_wconf 87' lang='lat' dir='ltr'><strong>natus</strong></span> <span class='ocrx_word' id='word_1_114' title='bbox 1970 1382 2192 1459; x_wconf 85' lang='lat' dir='ltr'><strong>(Skene</strong></span> <span class='ocrx_word' id='word_1_115' title='bbox 2229 1385 2310 1457; x_wconf 88' lang='lat' dir='ltr'><strong>II,</strong></span> <span class='ocrx_word' id='word_1_116' title='bbox 2342 1407 2399 1462; x_wconf 92' lang='lat' dir='ltr'><strong>p.</strong></span> <span class='ocrx_word' id='word_1_117' title='bbox 2436 1386 2561 1462; x_wconf 81' lang='lat'><strong>52),</strong></span> <span class='ocrx_word' id='word_1_118' title='bbox 2610 1385 2863 1458; x_wconf 88' lang='lat' dir='ltr'><strong>Scotiae,</strong></span> 
     </span>
     <span class='ocr_line' id='line_1_14' title="bbox 623 1471 2859 1552; baseline 0 -20"><span class='ocrx_word' id='word_1_119' title='bbox 623 1494 799 1552; x_wconf 89' lang='lat' dir='ltr'><strong>quam</strong></span> <span class='ocrx_word' id='word_1_120' title='bbox 846 1493 1003 1530; x_wconf 86' lang='lat' dir='ltr'><strong>nunc</strong></span> <span class='ocrx_word' id='word_1_121' title='bbox 1048 1471 1314 1543; x_wconf 89' lang='lat' dir='ltr'><strong>dicimus,</strong></span> <span class='ocrx_word' id='word_1_122' title='bbox 1361 1473 1665 1549; x_wconf 89' lang='lat' dir='ltr'><strong>apostolus</strong></span> <span class='ocrx_word' id='word_1_123' title='bbox 1713 1479 1805 1532; x_wconf 88' lang='lat' dir='ltr'><strong>est</strong></span> <span class='ocrx_word' id='word_1_124' title='bbox 1850 1473 2155 1532; x_wconf 89' lang='lat' dir='ltr'><strong>habendus</strong></span> <span class='ocrx_word' id='word_1_125' title='bbox 2200 1473 2355 1534; x_wconf 88' lang='lat' dir='ltr'><strong>sicut</strong></span> <span class='ocrx_word' id='word_1_126' title='bbox 2400 1474 2701 1534; x_wconf 79' lang='lat' dir='ltr'><strong>Patricius</strong></span> <span class='ocrx_word' id='word_1_127' title='bbox 2746 1474 2859 1532; x_wconf 85' lang='lat' dir='ltr'><strong>Hi-</strong></span> 
     </span>
     <span class='ocr_line' id='line_1_15' title="bbox 621 1559 2863 1640; baseline -0 -18"><span class='ocrx_word' id='word_1_128' title='bbox 621 1563 881 1622; x_wconf 88' lang='lat' dir='ltr'><strong>berniae.</strong></span> <span class='ocrx_word' id='word_1_129' title='bbox 971 1561 1126 1621; x_wconf 87' lang='lat' dir='ltr'><strong>Nam</strong></span> <span class='ocrx_word' id='word_1_130' title='bbox 1173 1559 1289 1619; x_wconf 88' lang='lat' dir='ltr'><strong>etsi</strong></span> <span class='ocrx_word' id='word_1_131' title='bbox 1334 1567 1394 1618; x_wconf 89' lang='lat' dir='ltr'><strong>et</strong></span> <span class='ocrx_word' id='word_1_132' title='bbox 1427 1559 1717 1620; x_wconf 84' lang='lat' dir='ltr'><strong>Columba</strong></span> <span class='ocrx_word' id='word_1_133' title='bbox 1762 1562 1823 1619; x_wconf 91' lang='lat' dir='ltr'><strong>in</strong></span> <span class='ocrx_word' id='word_1_134' title='bbox 1856 1561 2153 1621; x_wconf 86' lang='lat' dir='ltr'><strong>Hibernia</strong></span> <span class='ocrx_word' id='word_1_135' title='bbox 2192 1583 2429 1640; x_wconf 86' lang='lat' dir='ltr'><strong>quoque</strong></span> <span class='ocrx_word' id='word_1_136' title='bbox 2474 1584 2567 1623; x_wconf 89' lang='lat' dir='ltr'><strong>res</strong></span> <span class='ocrx_word' id='word_1_137' title='bbox 2614 1584 2863 1622; x_wconf 80' lang='lat' dir='ltr'><strong>comme-</strong></span> 
     </span>
     <span class='ocr_line' id='line_1_16' title="bbox 620 1648 2863 1726; baseline -0.001 -15"><span class='ocrx_word' id='word_1_138' title='bbox 620 1651 949 1711; x_wconf 84' lang='lat' dir='ltr'><strong>moratione</strong></span> <span class='ocrx_word' id='word_1_139' title='bbox 995 1649 1208 1726; x_wconf 83' lang='lat' dir='ltr'><strong>dignas</strong></span> <span class='ocrx_word' id='word_1_140' title='bbox 1252 1648 1440 1725; x_wconf 83' lang='lat' dir='ltr'><strong>gessit</strong></span> <span class='ocrx_word' id='word_1_141' title='bbox 1493 1684 1564 1693; x_wconf 90' lang='lat'><strong>—-</strong></span> <span class='ocrx_word' id='word_1_142' title='bbox 1621 1650 1958 1709; x_wconf 83' lang='lat' dir='ltr'><strong>construxit</strong></span> <span class='ocrx_word' id='word_1_143' title='bbox 2004 1651 2161 1709; x_wconf 89' lang='lat' dir='ltr'><strong>enim</strong></span> <span class='ocrx_word' id='word_1_144' title='bbox 2207 1654 2629 1712; x_wconf 84' lang='lat' dir='ltr'><strong>monasterium</strong></span> <span class='ocrx_word' id='word_1_145' title='bbox 2673 1653 2863 1711; x_wconf 88' lang='lat' dir='ltr'><strong>Dear-</strong></span> 
     </span>
     <span class='ocr_line' id='line_1_17' title="bbox 553 1737 2863 1820; baseline -0 -20"><span class='ocrx_word' id='word_1_146' title='bbox 553 1813 560 1820; x_wconf 32' lang='lat'><strong>·</strong></span> <span class='ocrx_word' id='word_1_147' title='bbox 619 1741 946 1812; x_wconf 87' lang='lat' dir='ltr'><strong>machense,</strong></span> <span class='ocrx_word' id='word_1_148' title='bbox 993 1737 1168 1796; x_wconf 84' lang='lat' dir='ltr'><strong>hodie</strong></span> <span class='ocrx_word' id='word_1_149' title='bbox 1214 1738 1488 1809; x_wconf 85' lang='lat' dir='ltr'><strong>Durrow,</strong></span> <span class='ocrx_word' id='word_1_150' title='bbox 1535 1739 1598 1795; x_wconf 89' lang='lat' dir='ltr'><strong>in</strong></span> <span class='ocrx_word' id='word_1_151' title='bbox 1644 1739 1833 1798; x_wconf 88' lang='lat' dir='ltr'><strong>Midia</strong></span> <span class='ocrx_word' id='word_1_152' title='bbox 1877 1739 2073 1816; x_wconf 84' lang='lat' dir='ltr'><strong>(Beda</strong></span> <span class='ocrx_word' id='word_1_153' title='bbox 2117 1741 2174 1798; x_wconf 90' lang='lat' dir='ltr'><strong>h.</strong></span> <span class='ocrx_word' id='word_1_154' title='bbox 2218 1761 2266 1799; x_wconf 90' lang='lat' dir='ltr'><strong>e.</strong></span> <span class='ocrx_word' id='word_1_155' title='bbox 2311 1743 2371 1812; x_wconf 88' lang='lat'><strong>3,</strong></span> <span class='ocrx_word' id='word_1_156' title='bbox 2415 1742 2454 1798; x_wconf 89' lang='lat'>4</span> <span class='ocrx_word' id='word_1_157' title='bbox 2504 1744 2539 1820; x_wconf 59' lang='grc' dir='ltr'>ᾖ</span> <span class='ocrx_word' id='word_1_158' title='bbox 2580 1742 2729 1818; x_wconf 88' lang='grc'>159)</span> <span class='ocrx_word' id='word_1_159' title='bbox 2780 1777 2863 1786; x_wconf 91' lang='grc'>-</span> 
     </span>
     <span class='ocr_line' id='line_1_18' title="bbox 621 1826 2865 1908; baseline 0.001 -19"><span class='ocrx_word' id='word_1_160' title='bbox 621 1851 814 1908; x_wconf 89' lang='lat' dir='ltr'><strong>neque</strong></span> <span class='ocrx_word' id='word_1_161' title='bbox 874 1847 1074 1888; x_wconf 84' lang='lat' dir='ltr'><strong>omnes</strong></span> <span class='ocrx_word' id='word_1_162' title='bbox 1133 1827 1432 1888; x_wconf 82' lang='lat' dir='ltr'><strong>Albaniae</strong></span> <span class='ocrx_word' id='word_1_163' title='bbox 1499 1826 1729 1888; x_wconf 88' lang='lat' dir='ltr'><strong>incolae</strong></span> <span class='ocrx_word' id='word_1_164' title='bbox 1801 1829 1983 1891; x_wconf 73' lang='lat' dir='ltr'><strong>etiam</strong></span> <span class='ocrx_word' id='word_1_165' title='bbox 2052 1835 2197 1888; x_wconf 86' lang='lat' dir='ltr'><strong>tunc</strong></span> <span class='ocrx_word' id='word_1_166' title='bbox 2264 1832 2484 1907; x_wconf 85' lang='lat' dir='ltr'><strong>pagani</strong></span> <span class='ocrx_word' id='word_1_167' title='bbox 2544 1838 2717 1890; x_wconf 84' lang='lat' dir='ltr'><strong>erant</strong></span> <span class='ocrx_word' id='word_1_168' title='bbox 2777 1866 2865 1874; x_wconf 93' lang='lat'>—</span> 
     </span>
     <span class='ocr_line' id='line_1_19' title="bbox 620 1917 2867 1997; baseline 0 -19"><span class='ocrx_word' id='word_1_169' title='bbox 620 1921 862 1978; x_wconf 88' lang='lat' dir='ltr'><strong>ineunte</strong></span> <span class='ocrx_word' id='word_1_170' title='bbox 909 1917 1063 1976; x_wconf 87' lang='lat' dir='ltr'><strong>enim</strong></span> <span class='ocrx_word' id='word_1_171' title='bbox 1111 1917 1346 1974; x_wconf 89' lang='lat' dir='ltr'><strong>saeculo</strong></span> <span class='ocrx_word' id='word_1_172' title='bbox 1392 1923 1559 1974; x_wconf 84' lang='lat' dir='ltr'><strong>sexto</strong></span> <span class='ocrx_word' id='word_1_173' title='bbox 1605 1937 1641 1974; x_wconf 91' lang='lat' dir='ltr'><strong>a</strong></span> <span class='ocrx_word' id='word_1_174' title='bbox 1674 1917 1870 1977; x_wconf 88' lang='lat' dir='ltr'><strong>Scotis</strong></span> <span class='ocrx_word' id='word_1_175' title='bbox 1917 1917 2269 1991; x_wconf 88' lang='lat' dir='ltr'><strong>christianis,</strong></span> <span class='ocrx_word' id='word_1_176' title='bbox 2319 1921 2423 1997; x_wconf 91' lang='lat' dir='ltr'><strong>qui</strong></span> <span class='ocrx_word' id='word_1_177' title='bbox 2468 1941 2541 1978; x_wconf 87' lang='lat' dir='ltr'><strong>ex</strong></span> <span class='ocrx_word' id='word_1_178' title='bbox 2571 1920 2867 1980; x_wconf 87' lang='lat' dir='ltr'><strong>Hibernia</strong></span> 
     </span>
     <span class='ocr_line' id='line_1_20' title="bbox 622 2004 2869 2085; baseline 0 -18"><span class='ocrx_word' id='word_1_179' title='bbox 622 2006 1218 2084; x_wconf 82' lang='lat' dir='ltr'><strong>transmigraverant,</strong></span> <span class='ocrx_word' id='word_1_180' title='bbox 1289 2004 1602 2063; x_wconf 88' lang='lat' dir='ltr'><strong>Scotorum</strong></span> <span class='ocrx_word' id='word_1_181' title='bbox 1665 2005 2101 2066; x_wconf 89' lang='lat' dir='ltr'><strong>Albanensium</strong></span> <span class='ocrx_word' id='word_1_182' title='bbox 2172 2029 2421 2085; x_wconf 85' lang='lat' dir='ltr'><strong>regnum</strong></span> <span class='ocrx_word' id='word_1_183' title='bbox 2479 2010 2544 2066; x_wconf 92' lang='lat' dir='ltr'><strong>in</strong></span> <span class='ocrx_word' id='word_1_184' title='bbox 2602 2008 2869 2068; x_wconf 89' lang='lat' dir='ltr'><strong>Albania</strong></span> 
     </span>
     <span class='ocr_line' id='line_1_21' title="bbox 622 2095 2867 2172; baseline 0 -16"><span class='ocrx_word' id='word_1_185' title='bbox 622 2096 1009 2156; x_wconf 87' lang='lat' dir='ltr'><strong>constitutum</strong></span> <span class='ocrx_word' id='word_1_186' title='bbox 1071 2102 1200 2153; x_wconf 89' lang='lat' dir='ltr'><strong>erat</strong></span> <span class='ocrx_word' id='word_1_187' title='bbox 1263 2095 1359 2170; x_wconf 86' lang='lat' dir='ltr'><strong>(cf.</strong></span> <span class='ocrx_word' id='word_1_188' title='bbox 1393 2114 1572 2171; x_wconf 85' lang='lat' dir='ltr'><strong>supra</strong></span> <span class='ocrx_word' id='word_1_189' title='bbox 1618 2116 1678 2171; x_wconf 88' lang='lat' dir='ltr'><strong>p.</strong></span> <span class='ocrx_word' id='word_1_190' title='bbox 1713 2097 1825 2171; x_wconf 77' lang='lat'><strong>29)</strong></span> <span class='ocrx_word' id='word_1_191' title='bbox 1874 2131 1988 2168; x_wconf 91' lang='lat'><strong>--,</strong></span> <span class='ocrx_word' id='word_1_192' title='bbox 2058 2104 2259 2156; x_wconf 86' lang='lat' dir='ltr'><strong>tamen</strong></span> <span class='ocrx_word' id='word_1_193' title='bbox 2321 2118 2513 2172; x_wconf 90' lang='lat' dir='ltr'><strong>neque</strong></span> <span class='ocrx_word' id='word_1_194' title='bbox 2575 2098 2867 2157; x_wconf 84' lang='lat' dir='ltr'><strong>Columba</strong></span> 
     </span>
     <span class='ocr_line' id='line_1_22' title="bbox 621 2182 2867 2259; baseline -0.001 -12"><span class='ocrx_word' id='word_1_195' title='bbox 621 2196 744 2247; x_wconf 87' lang='lat' dir='ltr'><strong>tam</strong></span> <span class='ocrx_word' id='word_1_196' title='bbox 801 2184 1020 2244; x_wconf 88' lang='lat' dir='ltr'><strong>claram</strong></span> <span class='ocrx_word' id='word_1_197' title='bbox 1078 2183 1170 2241; x_wconf 89' lang='lat' dir='ltr'><strong>sui</strong></span> <span class='ocrx_word' id='word_1_198' title='bbox 1222 2182 1560 2258; x_wconf 87' lang='lat' dir='ltr'><strong>reliquisset</strong></span> <span class='ocrx_word' id='word_1_199' title='bbox 1606 2184 1949 2242; x_wconf 86' lang='lat' dir='ltr'><strong>memoriam</strong></span> <span class='ocrx_word' id='word_1_200' title='bbox 2005 2204 2196 2259; x_wconf 89' lang='lat' dir='ltr'><strong>neque</strong></span> <span class='ocrx_word' id='word_1_201' title='bbox 2258 2186 2403 2242; x_wconf 86' lang='lat' dir='ltr'><strong>fides</strong></span> <span class='ocrx_word' id='word_1_202' title='bbox 2461 2186 2782 2244; x_wconf 86' lang='lat' dir='ltr'><strong>christiana</strong></span> <span class='ocrx_word' id='word_1_203' title='bbox 2832 2208 2867 2244; x_wconf 89' lang='lat' dir='ltr'><strong>a</strong></span> 
     </span>
     <span class='ocr_line' id='line_1_23' title="bbox 623 2271 2863 2349; baseline -0.001 -15"><span class='ocrx_word' id='word_1_204' title='bbox 623 2274 816 2334; x_wconf 80' lang='lat' dir='ltr'><strong>Scotis</strong></span> <span class='ocrx_word' id='word_1_205' title='bbox 862 2273 925 2332; x_wconf 91' lang='lat' dir='ltr'><strong>in</strong></span> <span class='ocrx_word' id='word_1_206' title='bbox 970 2271 1293 2331; x_wconf 88' lang='lat' dir='ltr'><strong>Albaniam</strong></span> <span class='ocrx_word' id='word_1_207' title='bbox 1343 2273 1524 2330; x_wconf 86' lang='lat' dir='ltr'><strong>allata</strong></span> <span class='ocrx_word' id='word_1_208' title='bbox 1569 2293 1689 2334; x_wconf 91' lang='lat' dir='ltr'><strong>non</strong></span> <span class='ocrx_word' id='word_1_209' title='bbox 1736 2272 2031 2330; x_wconf 83' lang='lat' dir='ltr'><strong>exstincta</strong></span> <span class='ocrx_word' id='word_1_210' title='bbox 2077 2278 2232 2331; x_wconf 83' lang='lat' dir='ltr'><strong>esset</strong></span> <span class='ocrx_word' id='word_1_211' title='bbox 2279 2294 2315 2330; x_wconf 88' lang='lat' dir='ltr'><strong>a</strong></span> <span class='ocrx_word' id='word_1_212' title='bbox 2360 2272 2568 2345; x_wconf 89' lang='lat' dir='ltr'><strong>Pictis,</strong></span> <span class='ocrx_word' id='word_1_213' title='bbox 2612 2274 2863 2349; x_wconf 88' lang='lat' dir='ltr'><strong>paganis</strong></span> 
     </span>
     <span class='ocr_line' id='line_1_24' title="bbox 623 2358 2858 2439; baseline -0.002 -16"><span class='ocrx_word' id='word_1_214' title='bbox 623 2371 686 2423; x_wconf 91' lang='lat' dir='ltr'><strong>et</strong></span> <span class='ocrx_word' id='word_1_215' title='bbox 713 2362 986 2422; x_wconf 89' lang='lat' dir='ltr'><strong>barbaris</strong></span> <span class='ocrx_word' id='word_1_216' title='bbox 1019 2362 1117 2436; x_wconf 89' lang='lat' dir='ltr'><strong>(cf.</strong></span> <span class='ocrx_word' id='word_1_217' title='bbox 1150 2359 1346 2419; x_wconf 84' lang='lat' dir='ltr'><strong>Skene</strong></span> <span class='ocrx_word' id='word_1_218' title='bbox 1379 2359 1464 2433; x_wconf 92' lang='lat' dir='ltr'><strong>II,</strong></span> <span class='ocrx_word' id='word_1_219' title='bbox 1496 2383 1554 2439; x_wconf 89' lang='lat' dir='ltr'><strong>p.</strong></span> <span class='ocrx_word' id='word_1_220' title='bbox 1591 2362 1673 2417; x_wconf 94' lang='lat'><strong>78</strong></span> <span class='ocrx_word' id='word_1_221' title='bbox 1708 2362 1879 2437; x_wconf 89' lang='lat' dir='ltr'><strong>sqq.)‚</strong></span> <span class='ocrx_word' id='word_1_222' title='bbox 1913 2359 2027 2417; x_wconf 91' lang='lat' dir='ltr'><strong>nisi</strong></span> <span class='ocrx_word' id='word_1_223' title='bbox 2058 2358 2349 2418; x_wconf 84' lang='lat' dir='ltr'><strong>Columba</strong></span> <span class='ocrx_word' id='word_1_224' title='bbox 2395 2360 2532 2418; x_wconf 88' lang='lat' dir='ltr'><strong>inde</strong></span> <span class='ocrx_word' id='word_1_225' title='bbox 2580 2362 2655 2418; x_wconf 88' lang='lat' dir='ltr'><strong>ab</strong></span> <span class='ocrx_word' id='word_1_226' title='bbox 2702 2381 2858 2418; x_wconf 87' lang='lat' dir='ltr'><strong>anno</strong></span> 
     </span>
     <span class='ocr_line' id='line_1_25' title="bbox 627 2448 2867 2529; baseline -0.002 -17"><span class='ocrx_word' id='word_1_227' title='bbox 627 2452 752 2512; x_wconf 83' lang='lat'><strong>565</strong></span> <span class='ocrx_word' id='word_1_228' title='bbox 801 2452 892 2510; x_wconf 92' lang='lat' dir='ltr'><strong>illi</strong></span> <span class='ocrx_word' id='word_1_229' title='bbox 935 2451 1053 2529; x_wconf 90' lang='lat' dir='ltr'><strong>ipsi</strong></span> <span class='ocrx_word' id='word_1_230' title='bbox 1107 2449 1663 2528; x_wconf 86' lang='lat' dir='ltr'><strong>septentrionalium</strong></span> <span class='ocrx_word' id='word_1_231' title='bbox 1710 2449 2021 2508; x_wconf 87' lang='lat' dir='ltr'><strong>Pictorum</strong></span> <span class='ocrx_word' id='word_1_232' title='bbox 2066 2448 2232 2525; x_wconf 83' lang='lat' dir='ltr'><strong>genti</strong></span> <span class='ocrx_word' id='word_1_233' title='bbox 2278 2449 2649 2525; x_wconf 83' lang='lat' dir='ltr'><strong>evangelium</strong></span> <span class='ocrx_word' id='word_1_234' title='bbox 2698 2469 2867 2525; x_wconf 84' lang='lat' dir='ltr'><strong>prae-</strong></span> 
     </span>
     <span class='ocr_line' id='line_1_26' title="bbox 623 2538 2869 2616; baseline -0.002 -16"><span class='ocrx_word' id='word_1_235' title='bbox 623 2542 892 2602; x_wconf 88' lang='lat' dir='ltr'><strong>dicasset.</strong></span> <span class='ocrx_word' id='word_1_236' title='bbox 969 2539 1252 2598; x_wconf 88' lang='lat' dir='ltr'><strong>Adducto</strong></span> <span class='ocrx_word' id='word_1_237' title='bbox 1299 2539 1456 2597; x_wconf 88' lang='lat' dir='ltr'><strong>enim</strong></span> <span class='ocrx_word' id='word_1_238' title='bbox 1502 2539 1580 2597; x_wconf 90' lang='lat' dir='ltr'><strong>ad</strong></span> <span class='ocrx_word' id='word_1_239' title='bbox 1621 2538 1800 2597; x_wconf 89' lang='lat' dir='ltr'><strong>fidem</strong></span> <span class='ocrx_word' id='word_1_240' title='bbox 1846 2543 1906 2598; x_wconf 90' lang='lat' dir='ltr'><strong>et</strong></span> <span class='ocrx_word' id='word_1_241' title='bbox 1950 2558 2090 2614; x_wconf 84' lang='lat' dir='ltr'><strong>rege</strong></span> <span class='ocrx_word' id='word_1_242' title='bbox 2138 2543 2199 2598; x_wconf 89' lang='lat' dir='ltr'><strong>et</strong></span> <span class='ocrx_word' id='word_1_243' title='bbox 2244 2539 2465 2616; x_wconf 90' lang='lat' dir='ltr'><strong>populo</strong></span> <span class='ocrx_word' id='word_1_244' title='bbox 2510 2538 2869 2599; x_wconf 85' lang='lat' dir='ltr'><strong>monasterio</strong></span> 
     </span>
     <span class='ocr_line' id='line_1_27' title="bbox 625 2626 2873 2705; baseline -0.003 -14"><span class='ocrx_word' id='word_1_245' title='bbox 625 2651 729 2692; x_wconf 88' lang='lat' dir='ltr'><strong>suo</strong></span> <span class='ocrx_word' id='word_1_246' title='bbox 776 2630 1006 2689; x_wconf 87' lang='lat' dir='ltr'><strong>duobus</strong></span> <span class='ocrx_word' id='word_1_247' title='bbox 1053 2629 1224 2687; x_wconf 89' lang='lat' dir='ltr'><strong>annis</strong></span> <span class='ocrx_word' id='word_1_248' title='bbox 1270 2633 1407 2688; x_wconf 88' lang='lat' dir='ltr'><strong>ante</strong></span> <span class='ocrx_word' id='word_1_249' title='bbox 1431 2628 1456 2663; x_wconf 83' lang='lat'>¹</span> <span class='ocrx_word' id='word_1_250' title='bbox 1501 2628 1773 2705; x_wconf 85' lang='lat' dir='ltr'><strong>proxime</strong></span> <span class='ocrx_word' id='word_1_251' title='bbox 1819 2626 2118 2687; x_wconf 87' lang='lat' dir='ltr'><strong>Albaniae</strong></span> <span class='ocrx_word' id='word_1_252' title='bbox 2174 2648 2340 2686; x_wconf 84' lang='lat' dir='ltr'><strong>oram</strong></span> <span class='ocrx_word' id='word_1_253' title='bbox 2400 2627 2465 2684; x_wconf 87' lang='lat' dir='ltr'><strong>in</strong></span> <span class='ocrx_word' id='word_1_254' title='bbox 2525 2627 2719 2688; x_wconf 83' lang='lat' dir='ltr'><strong>insula</strong></span> <span class='ocrx_word' id='word_1_255' title='bbox 2762 2627 2873 2685; x_wconf 88' lang='lat' dir='ltr'><strong>Hii</strong></span> 
     </span>
     <span class='ocr_line' id='line_1_28' title="bbox 623 2715 2873 2793; baseline -0.003 -12"><span class='ocrx_word' id='word_1_256' title='bbox 623 2722 721 2781; x_wconf 84' lang='lat' dir='ltr'><strong>vel</strong></span> <span class='ocrx_word' id='word_1_257' title='bbox 776 2720 938 2779; x_wconf 88' lang='lat' dir='ltr'><strong>Jona</strong></span> <span class='ocrx_word' id='word_1_258' title='bbox 999 2718 1244 2793; x_wconf 87' lang='lat' dir='ltr'><strong>(rectius</strong></span> <span class='ocrx_word' id='word_1_259' title='bbox 1301 2717 1462 2776; x_wconf 87' lang='lat' dir='ltr'><strong>Jova</strong></span> <span class='ocrx_word' id='word_1_260' title='bbox 1505 2746 1588 2766; x_wconf 87' lang='lat'><strong>==</strong></span> <span class='ocrx_word' id='word_1_261' title='bbox 1629 2717 1825 2776; x_wconf 89' lang='lat' dir='ltr'><strong>insula</strong></span> <span class='ocrx_word' id='word_1_262' title='bbox 1883 2716 2006 2775; x_wconf 90' lang='lat' dir='ltr'><strong>scil.</strong></span> <span class='ocrx_word' id='word_1_263' title='bbox 2053 2717 2193 2788; x_wconf 89' lang='lat' dir='ltr'><strong>Hii,</strong></span> <span class='ocrx_word' id='word_1_264' title='bbox 2248 2717 2330 2774; x_wconf 91' lang='lat' dir='ltr'><strong>H.</strong></span> <span class='ocrx_word' id='word_1_265' title='bbox 2376 2716 2496 2774; x_wconf 91' lang='lat' dir='ltr'><strong>and</strong></span> <span class='ocrx_word' id='word_1_266' title='bbox 2542 2715 2628 2775; x_wconf 85' lang='lat' dir='ltr'><strong>St.</strong></span> <span class='ocrx_word' id='word_1_267' title='bbox 2675 2716 2765 2788; x_wconf 82' lang='lat' dir='ltr'><strong>H,</strong></span> <span class='ocrx_word' id='word_1_268' title='bbox 2817 2718 2873 2788; x_wconf 90' lang='lat' dir='ltr'><strong>l,</strong></span> 
     </span>
     <span class='ocr_line' id='line_1_29' title="bbox 625 2804 2876 2886; baseline -0.002 -19"><span class='ocrx_word' id='word_1_269' title='bbox 625 2831 684 2886; x_wconf 94' lang='lat' dir='ltr'><strong>p.</strong></span> <span class='ocrx_word' id='word_1_270' title='bbox 723 2809 847 2866; x_wconf 91' lang='lat'><strong>108</strong></span> <span class='ocrx_word' id='word_1_271' title='bbox 881 2812 1003 2865; x_wconf 91' lang='lat' dir='ltr'><strong>not.</strong></span> <span class='ocrx_word' id='word_1_272' title='bbox 1042 2809 1104 2884; x_wconf 92' lang='lat'><strong>6)</strong></span> <span class='ocrx_word' id='word_1_273' title='bbox 1139 2813 1478 2866; x_wconf 80' lang='lat' dir='ltr'><strong>constructo</strong></span> <span class='ocrx_word' id='word_1_274' title='bbox 1510 2811 1740 2865; x_wconf 85' lang='lat' dir='ltr'><strong>tantam</strong></span> <span class='ocrx_word' id='word_1_275' title='bbox 1773 2805 2195 2864; x_wconf 88' lang='lat' dir='ltr'><strong>auctoritatem</strong></span> <span class='ocrx_word' id='word_1_276' title='bbox 2228 2804 2586 2878; x_wconf 82' lang='lat' dir='ltr'><strong>conciliavit,</strong></span> <span class='ocrx_word' id='word_1_277' title='bbox 2624 2811 2697 2864; x_wconf 91' lang='lat' dir='ltr'><strong>ut</strong></span> <span class='ocrx_word' id='word_1_278' title='bbox 2726 2804 2876 2862; x_wconf 88' lang='lat' dir='ltr'><strong>illud</strong></span> 
     </span>
     <span class='ocr_line' id='line_1_30' title="bbox 626 2893 2871 2976; baseline -0.003 -19"><span class='ocrx_word' id='word_1_279' title='bbox 626 2898 819 2976; x_wconf 87' lang='lat' dir='ltr'><strong>ipsum</strong></span> <span class='ocrx_word' id='word_1_280' title='bbox 866 2896 1284 2956; x_wconf 86' lang='lat' dir='ltr'><strong>monasterium</strong></span> <span class='ocrx_word' id='word_1_281' title='bbox 1331 2894 1580 2954; x_wconf 87' lang='lat' dir='ltr'><strong>Hiiense</strong></span> <span class='ocrx_word' id='word_1_282' title='bbox 1638 2895 1857 2953; x_wconf 86' lang='lat' dir='ltr'><strong>famam</strong></span> <span class='ocrx_word' id='word_1_283' title='bbox 1906 2893 2219 2952; x_wconf 87' lang='lat' dir='ltr'><strong>conficeret</strong></span> <span class='ocrx_word' id='word_1_284' title='bbox 2265 2893 2592 2953; x_wconf 86' lang='lat' dir='ltr'><strong>Columbae</strong></span> <span class='ocrx_word' id='word_1_285' title='bbox 2647 2901 2717 2952; x_wconf 94' lang='lat' dir='ltr'><strong>ut</strong></span> <span class='ocrx_word' id='word_1_286' title='bbox 2762 2893 2871 2952; x_wconf 88' lang='lat' dir='ltr'><strong>Al-</strong></span> 
     </span>
     <span class='ocr_line' id='line_1_31' title="bbox 627 2982 2874 3062; baseline -0.003 -16"><span class='ocrx_word' id='word_1_287' title='bbox 627 2987 840 3046; x_wconf 87' lang='lat' dir='ltr'><strong>baniae</strong></span> <span class='ocrx_word' id='word_1_288' title='bbox 887 2987 1172 3062; x_wconf 88' lang='lat' dir='ltr'><strong>apost010.</strong></span> <span class='ocrx_word' id='word_1_289' title='bbox 1263 2985 1418 3045; x_wconf 87' lang='lat' dir='ltr'><strong>Nam</strong></span> <span class='ocrx_word' id='word_1_290' title='bbox 1479 3003 1602 3040; x_wconf 93' lang='lat' dir='ltr'><strong>non</strong></span> <span class='ocrx_word' id='word_1_291' title='bbox 1660 2984 1851 3040; x_wconf 89' lang='lat' dir='ltr'><strong>solum</strong></span> <span class='ocrx_word' id='word_1_292' title='bbox 1911 2982 2049 3041; x_wconf 84' lang='lat' dir='ltr'><strong>vivo</strong></span> <span class='ocrx_word' id='word_1_293' title='bbox 2097 2982 2389 3041; x_wconf 87' lang='lat' dir='ltr'><strong>Columba</strong></span> <span class='ocrx_word' id='word_1_294' title='bbox 2448 2984 2874 3042; x_wconf 88' lang='lat' dir='ltr'><strong>monasterium</strong></span> 
     </span>
     <span class='ocr_line' id='line_1_32' title="bbox 626 3067 2873 3153; baseline -0.002 -18"><span class='ocrx_word' id='word_1_295' title='bbox 626 3076 874 3136; x_wconf 88' lang='lat' dir='ltr'><strong>Hiiense</strong></span> <span class='ocrx_word' id='word_1_296' title='bbox 919 3075 1320 3153; x_wconf 82' lang='lat' dir='ltr'><strong>principatum</strong></span> <span class='ocrx_word' id='word_1_297' title='bbox 1366 3073 1612 3130; x_wconf 84' lang='lat' dir='ltr'><strong>tenebat</strong></span> <span class='ocrx_word' id='word_1_298' title='bbox 1670 3073 1733 3130; x_wconf 83' lang='lat' dir='ltr'><strong>in</strong></span> <span class='ocrx_word' id='word_1_299' title='bbox 1780 3071 2053 3130; x_wconf 89' lang='lat' dir='ltr'><strong>omnibus</strong></span> <span class='ocrx_word' id='word_1_300' title='bbox 2106 3071 2501 3145; x_wconf 87' lang='lat' dir='ltr'><strong>monasteriis,</strong></span> <span class='ocrx_word' id='word_1_301' title='bbox 2549 3093 2700 3148; x_wconf 87' lang='lat' dir='ltr'><strong>quae</strong></span> <span class='ocrx_word' id='word_1_302' title='bbox 2732 3067 2873 3151; x_wconf 76' lang='lat' dir='ltr'><strong>plu-</strong></span> 
     </span>
     <span class='ocr_line' id='line_1_33' title="bbox 625 3158 2873 3244; baseline -0.002 -20"><span class='ocrx_word' id='word_1_303' title='bbox 625 3164 782 3224; x_wconf 73' lang='lat' dir='ltr'><strong>rima</strong></span> <span class='ocrx_word' id='word_1_304' title='bbox 828 3182 900 3224; x_wconf 74' lang='lat' dir='ltr'><strong>ex</strong></span> <span class='ocrx_word' id='word_1_305' title='bbox 944 3171 1184 3244; x_wconf 74' lang='lat' dir='ltr'><strong>utroque</strong></span> <span class='ocrx_word' id='word_1_306' title='bbox 1227 3159 1594 3232; x_wconf 53' lang='lat' dir='ltr'><strong>monasteria</strong></span> <span class='ocrx_word' id='word_1_307' title='bbox 1642 3159 2107 3219; x_wconf 87' lang='lat' dir='ltr'><strong>Dearmachensi</strong></span> <span class='ocrx_word' id='word_1_308' title='bbox 2153 3166 2215 3219; x_wconf 90' lang='lat' dir='ltr'><strong>et</strong></span> <span class='ocrx_word' id='word_1_309' title='bbox 2252 3161 2505 3234; x_wconf 87' lang='lat' dir='ltr'><strong>Hiiensi‚</strong></span> <span class='ocrx_word' id='word_1_310' title='bbox 2544 3179 2659 3240; x_wconf 79' lang='lat' dir='ltr'><strong>per</strong></span> <span class='ocrx_word' id='word_1_311' title='bbox 2702 3158 2873 3220; x_wconf 76' lang='lat' dir='ltr'><strong>disci·</strong></span> 
     </span>
     <span class='ocr_line' id='line_1_34' title="bbox 615 3244 2875 3333; baseline -0.003 -21"><span class='ocrx_word' id='word_1_312' title='bbox 615 3251 796 3333; x_wconf 73' lang='lat' dir='ltr'><strong>pulos</strong></span> <span class='ocrx_word' id='word_1_313' title='bbox 841 3249 962 3333; x_wconf 74' lang='lat' dir='ltr'><strong>eju-3</strong></span> <span class='ocrx_word' id='word_1_314' title='bbox 1007 3261 1058 3312; x_wconf 81' lang='lat' dir='ltr'><strong>et</strong></span> <span class='ocrx_word' id='word_1_315' title='bbox 1102 3250 1166 3312; x_wconf 79' lang='lat' dir='ltr'><strong>in</strong></span> <span class='ocrx_word' id='word_1_316' title='bbox 1195 3247 1520 3310; x_wconf 72' lang='lat' dir='ltr'><strong>Britannia</strong></span> <span class='ocrx_word' id='word_1_317' title='bbox 1564 3259 1616 3308; x_wconf 78' lang='lat' dir='ltr'><strong>et</strong></span> <span class='ocrx_word' id='word_1_318' title='bbox 1660 3249 1724 3308; x_wconf 81' lang='lat' dir='ltr'><strong>in</strong></span> <span class='ocrx_word' id='word_1_319' title='bbox 1754 3244 2049 3310; x_wconf 83' lang='lat' dir='ltr'><strong>Hibernia</strong></span> <span class='ocrx_word' id='word_1_320' title='bbox 2084 3258 2423 3332; x_wconf 56' lang='lat' dir='ltr'><strong>prspaqata</strong></span> <span class='ocrx_word' id='word_1_321' title='bbox 2470 3257 2635 3308; x_wconf 72' lang='lat' dir='ltr'><strong>erant</strong></span> <span class='ocrx_word' id='word_1_322' title='bbox 2681 3249 2875 3324; x_wconf 87' lang='lat' dir='ltr'><strong>(Beda</strong></span> 
     </span>
     <span class='ocr_line' id='line_1_35' title="bbox 627 3336 2875 3418; baseline -0.002 -18"><span class='ocrx_word' id='word_1_323' title='bbox 627 3343 686 3400; x_wconf 88' lang='lat' dir='ltr'><strong>h.</strong></span> <span class='ocrx_word' id='word_1_324' title='bbox 721 3362 770 3400; x_wconf 88' lang='lat' dir='ltr'><strong>e.</strong></span> <span class='ocrx_word' id='word_1_325' title='bbox 806 3343 863 3412; x_wconf 84' lang='lat'><strong>3,</strong></span> <span class='ocrx_word' id='word_1_326' title='bbox 897 3342 938 3398; x_wconf 87' lang='lat'>4</span> <span class='ocrx_word' id='word_1_327' title='bbox 968 3343 1004 3418; x_wconf 59' lang='grc' dir='ltr'>ᾖ</span> <span class='ocrx_word' id='word_1_328' title='bbox 1043 3341 1211 3417; x_wconf 87' lang='grc'>159),</span> <span class='ocrx_word' id='word_1_329' title='bbox 1259 3340 1362 3398; x_wconf 89' lang='lat' dir='ltr'><strong>sed</strong></span> <span class='ocrx_word' id='word_1_330' title='bbox 1395 3340 1576 3398; x_wconf 89' lang='lat' dir='ltr'><strong>etiam</strong></span> <span class='ocrx_word' id='word_1_331' title='bbox 1607 3347 1817 3418; x_wconf 88' lang='lat' dir='ltr'><strong>postea</strong></span> <span class='ocrx_word' id='word_1_332' title='bbox 1848 3359 1954 3415; x_wconf 88' lang='lat' dir='ltr'><strong>per</strong></span> <span class='ocrx_word' id='word_1_333' title='bbox 1999 3341 2241 3415; x_wconf 85' lang='lat' dir='ltr'><strong>longum</strong></span> <span class='ocrx_word' id='word_1_334' title='bbox 2286 3347 2522 3415; x_wconf 89' lang='lat' dir='ltr'><strong>tempus</strong></span> <span class='ocrx_word' id='word_1_335' title='bbox 2566 3339 2629 3398; x_wconf 72' lang='lat' dir='ltr'><strong>in</strong></span> <span class='ocrx_word' id='word_1_336' title='bbox 2659 3336 2875 3396; x_wconf 77' lang='lat' dir='ltr'><strong>cunctis</strong></span> 
     </span>
     <span class='ocr_line' id='line_1_36' title="bbox 623 3421 2875 3510; baseline -0.002 -22"><span class='ocrx_word' id='word_1_337' title='bbox 623 3448 810 3510; x_wconf 70' lang='lat' dir='ltr'><strong>paene</strong></span> <span class='ocrx_word' id='word_1_338' title='bbox 854 3425 1388 3507; x_wconf 65' lang='lat' dir='ltr'><strong>septentmbnalium</strong></span> <span class='ocrx_word' id='word_1_339' title='bbox 1419 3421 1748 3498; x_wconf 74' lang='lat' dir='ltr'><strong>Scotorum,</strong></span> <span class='ocrx_word' id='word_1_340' title='bbox 1795 3427 2282 3486; x_wconf 74' lang='lat' dir='ltr'><strong>Hiber-niensium</strong></span> <span class='ocrx_word' id='word_1_341' title='bbox 2330 3432 2391 3485; x_wconf 91' lang='lat' dir='ltr'><strong>et</strong></span> <span class='ocrx_word' id='word_1_342' title='bbox 2420 3425 2875 3498; x_wconf 87' lang='lat' dir='ltr'><strong>Albanensium,</strong></span> 
     </span>
     <span class='ocr_line' id='line_1_37' title="bbox 631 3515 2877 3593; baseline -0.002 -15"><span class='ocrx_word' id='word_1_343' title='bbox 631 3527 684 3578; x_wconf 81' lang='lat' dir='ltr'><strong>et</strong></span> <span class='ocrx_word' id='word_1_344' title='bbox 729 3515 990 3578; x_wconf 71' lang='lat' dir='ltr'><strong>omnium</strong></span> <span class='ocrx_word' id='word_1_345' title='bbox 1041 3515 1347 3578; x_wconf 65' lang='lat' dir='ltr'><strong>RIctorum</strong></span> <span class='ocrx_word' id='word_1_346' title='bbox 1363 3561 1381 3588; x_wconf 89' lang='lat'>‚</span> <span class='ocrx_word' id='word_1_347' title='bbox 1451 3516 2007 3593; x_wconf 86' lang='lat' dir='ltr'><strong>septentrionalium</strong></span> <span class='ocrx_word' id='word_1_348' title='bbox 2061 3515 2321 3592; x_wconf 89' lang='lat' dir='ltr'><strong>primum</strong></span> <span class='ocrx_word' id='word_1_349' title='bbox 2339 3559 2353 3588; x_wconf 92' lang='lat'><strong><em>,</em></strong></span> <span class='ocrx_word' id='word_1_350' title='bbox 2422 3515 2637 3576; x_wconf 87' lang='lat' dir='ltr'><strong>deinde</strong></span> <span class='ocrx_word' id='word_1_351' title='bbox 2697 3515 2877 3574; x_wconf 86' lang='lat' dir='ltr'><strong>etiam</strong></span> 
     </span>
     <span class='ocr_line' id='line_1_38' title="bbox 632 3603 2876 3684; baseline -0.003 -16"><span class='ocrx_word' id='word_1_352' title='bbox 632 3606 1000 3679; x_wconf 88' lang='lat' dir='ltr'><strong>australium,</strong></span> <span class='ocrx_word' id='word_1_353' title='bbox 1047 3614 1108 3666; x_wconf 87' lang='lat' dir='ltr'><strong>et</strong></span> <span class='ocrx_word' id='word_1_354' title='bbox 1138 3613 1348 3684; x_wconf 85' lang='lat' dir='ltr'><strong>postea</strong></span> <span class='ocrx_word' id='word_1_355' title='bbox 1380 3605 1562 3664; x_wconf 84' lang='lat' dir='ltr'><strong>etiam</strong></span> <span class='ocrx_word' id='word_1_356' title='bbox 1593 3607 1651 3666; x_wconf 87' lang='lat' dir='ltr'>N</span> <span class='ocrx_word' id='word_1_357' title='bbox 1653 3604 2224 3680; x_wconf 81' lang='lat' dir='ltr'><strong>ordanhymbrorum</strong></span> <span class='ocrx_word' id='word_1_358' title='bbox 2268 3603 2634 3667; x_wconf 72' lang='lat' dir='ltr'><strong>monastm‘is</strong></span> <span class='ocrx_word' id='word_1_359' title='bbox 2680 3623 2876 3664; x_wconf 77' lang='lat' dir='ltr'><strong>arcem</strong></span> 
     </span>
     <span class='ocr_line' id='line_1_39' title="bbox 631 3689 2873 3777; baseline -0.003 -20"><span class='ocrx_word' id='word_1_360' title='bbox 631 3695 850 3757; x_wconf 67' lang='lat' dir='ltr'><strong>tenebat</strong></span> <span class='ocrx_word' id='word_1_361' title='bbox 908 3694 1282 3777; x_wconf 72' lang='lat' dir='ltr'><strong>reymdisqae</strong></span> <span class='ocrx_word' id='word_1_362' title='bbox 1341 3714 1540 3754; x_wconf 72' lang='lat' dir='ltr'><strong>eorum</strong></span> <span class='ocrx_word' id='word_1_363' title='bbox 1605 3689 1847 3773; x_wconf 57' lang='lat' dir='ltr'><strong>pqmlw</strong></span> <span class='ocrx_word' id='word_1_364' title='bbox 1916 3700 2191 3774; x_wconf 80' lang='lat' dir='ltr'><strong>praeerat</strong></span> <span class='ocrx_word' id='word_1_365' title='bbox 2254 3693 2449 3768; x_wconf 87' lang='lat' dir='ltr'><strong>(Beda</strong></span> <span class='ocrx_word' id='word_1_366' title='bbox 2500 3693 2555 3750; x_wconf 89' lang='lat' dir='ltr'><strong>h.</strong></span> <span class='ocrx_word' id='word_1_367' title='bbox 2612 3714 2661 3754; x_wconf 84' lang='lat' dir='ltr'><strong>e.</strong></span> <span class='ocrx_word' id='word_1_368' title='bbox 2720 3694 2777 3766; x_wconf 85' lang='lat'><strong>3,</strong></span> <span class='ocrx_word' id='word_1_369' title='bbox 2836 3694 2873 3751; x_wconf 85' lang='lat'><strong>3</strong></span> 
     </span>
    </p>
   </div>
   <div class='ocr_carea' id='block_1_3' title="bbox 810 3870 2879 3936">
    <p class='ocr_par' dir='ltr' id='par_1_4' title="bbox 810 3870 2879 3936">
     <span class='ocr_line' id='line_1_40' title="bbox 810 3870 2879 3936; baseline -0.004 0"><span class='ocrx_word' id='word_1_370' title='bbox 810 3875 979 3936; x_wconf 86' lang='lat' dir='ltr'><strong>Haec</strong></span> <span class='ocrx_word' id='word_1_371' title='bbox 1039 3873 1242 3932; x_wconf 85' lang='lat' dir='ltr'><strong>Bedae</strong></span> <span class='ocrx_word' id='word_1_372' title='bbox 1303 3872 1376 3930; x_wconf 87' lang='lat' dir='ltr'><strong>de</strong></span> <span class='ocrx_word' id='word_1_373' title='bbox 1421 3871 1691 3929; x_wconf 83' lang='lat' dir='ltr'><strong>Hiiensis</strong></span> <span class='ocrx_word' id='word_1_374' title='bbox 1752 3870 2098 3930; x_wconf 87' lang='lat' dir='ltr'><strong>monasterii</strong></span> <span class='ocrx_word' id='word_1_375' title='bbox 2152 3870 2507 3930; x_wconf 86' lang='lat' dir='ltr'><strong>auctoritate</strong></span> <span class='ocrx_word' id='word_1_376' title='bbox 2553 3874 2739 3931; x_wconf 82' lang='lat' dir='ltr'><strong>verba</strong></span> <span class='ocrx_word' id='word_1_377' title='bbox 2803 3891 2879 3930; x_wconf 89' lang='lat' dir='ltr'><strong>ne</strong></span> 
     </span>
    </p>
   </div>
   <div class='ocr_carea' id='block_1_4' title="bbox 634 4001 1058 4008">
    <p class='ocr_par' dir='ltr' id='par_1_5' title="bbox 634 4001 1058 4008">
     <span class='ocr_line' id='line_1_41' title="bbox 634 4001 1058 4008; baseline 0 1076"><span class='ocrx_word' id='word_1_378' title='bbox 634 4001 1058 4008; x_wconf 95' lang='lat' dir='ltr'><strong> </strong></span> 
     </span>
    </p>
   </div>
   <div class='ocr_carea' id='block_1_5' title="bbox 635 4043 2879 4403">
    <p class='ocr_par' dir='ltr' id='par_1_6' title="bbox 635 4043 2879 4403">
     <span class='ocr_line' id='line_1_42' title="bbox 817 4043 2877 4118; baseline -0.002 -14"><span class='ocrx_word' id='word_1_379' title='bbox 817 4053 838 4083; x_wconf 87' lang='lat'><strong>¹</strong></span> <span class='ocrx_word' id='word_1_380' title='bbox 875 4049 1219 4118; x_wconf 86' lang='lat' dir='ltr'><strong>Discrepant</strong></span> <span class='ocrx_word' id='word_1_381' title='bbox 1274 4047 1424 4098; x_wconf 86' lang='lat' dir='ltr'><strong>inter</strong></span> <span class='ocrx_word' id='word_1_382' title='bbox 1480 4061 1538 4097; x_wconf 84' lang='lat' dir='ltr'><strong>se</strong></span> <span class='ocrx_word' id='word_1_383' title='bbox 1593 4043 1961 4098; x_wconf 85' lang='lat' dir='ltr'><strong>Adamnanus</strong></span> <span class='ocrx_word' id='word_1_384' title='bbox 2018 4044 2115 4113; x_wconf 87' lang='lat' dir='ltr'><strong>qui</strong></span> <span class='ocrx_word' id='word_1_385' title='bbox 2170 4044 2499 4098; x_wconf 85' lang='lat' dir='ltr'><strong>Columbam</strong></span> <span class='ocrx_word' id='word_1_386' title='bbox 2568 4062 2713 4098; x_wconf 83' lang='lat' dir='ltr'><strong>anno</strong></span> <span class='ocrx_word' id='word_1_387' title='bbox 2771 4045 2877 4099; x_wconf 83' lang='lat'><strong>563</strong></span> 
     </span>
     <span class='ocr_line' id='line_1_43' title="bbox 635 4113 2871 4184; baseline -0.004 -8"><span class='ocrx_word' id='word_1_388' title='bbox 635 4123 866 4176; x_wconf 88' lang='lat' dir='ltr'><strong>condito</strong></span> <span class='ocrx_word' id='word_1_389' title='bbox 905 4118 1247 4176; x_wconf 83' lang='lat' dir='ltr'><strong>monasterio</strong></span> <span class='ocrx_word' id='word_1_390' title='bbox 1285 4116 1510 4169; x_wconf 88' lang='lat' dir='ltr'><strong>Hiiensi</strong></span> <span class='ocrx_word' id='word_1_391' title='bbox 1547 4117 1606 4168; x_wconf 92' lang='lat' dir='ltr'><strong>in</strong></span> <span class='ocrx_word' id='word_1_392' title='bbox 1630 4113 1826 4170; x_wconf 87' lang='lat' dir='ltr'><strong>Pictos</strong></span> <span class='ocrx_word' id='word_1_393' title='bbox 1865 4115 2185 4184; x_wconf 86' lang='lat' dir='ltr'><strong>profectum</strong></span> <span class='ocrx_word' id='word_1_394' title='bbox 2223 4132 2343 4168; x_wconf 90' lang='lat' dir='ltr'><strong>esse</strong></span> <span class='ocrx_word' id='word_1_395' title='bbox 2381 4121 2575 4169; x_wconf 84' lang='lat' dir='ltr'><strong>narrat</strong></span> <span class='ocrx_word' id='word_1_396' title='bbox 2612 4119 2670 4168; x_wconf 90' lang='lat' dir='ltr'><strong>et</strong></span> <span class='ocrx_word' id='word_1_397' title='bbox 2694 4115 2871 4181; x_wconf 87' lang='lat' dir='ltr'><strong>Beda,</strong></span> 
     </span>
     <span class='ocr_line' id='line_1_44' title="bbox 635 4185 2873 4262; baseline -0.004 -15"><span class='ocrx_word' id='word_1_398' title='bbox 635 4195 732 4262; x_wconf 87' lang='lat' dir='ltr'><strong>qui</strong></span> <span class='ocrx_word' id='word_1_399' title='bbox 770 4193 948 4247; x_wconf 87' lang='lat' dir='ltr'><strong>refert</strong></span> <span class='ocrx_word' id='word_1_400' title='bbox 983 4190 1316 4247; x_wconf 86' lang='lat' dir='ltr'><strong>Columbam</strong></span> <span class='ocrx_word' id='word_1_401' title='bbox 1356 4205 1502 4240; x_wconf 87' lang='lat' dir='ltr'><strong>anno</strong></span> <span class='ocrx_word' id='word_1_402' title='bbox 1543 4188 1646 4242; x_wconf 82' lang='lat'><strong>565</strong></span> <span class='ocrx_word' id='word_1_403' title='bbox 1686 4205 1719 4240; x_wconf 91' lang='lat' dir='ltr'><strong>a</strong></span> <span class='ocrx_word' id='word_1_404' title='bbox 1756 4186 1933 4240; x_wconf 88' lang='lat' dir='ltr'><strong>Pictis</strong></span> <span class='ocrx_word' id='word_1_405' title='bbox 1972 4187 2120 4239; x_wconf 87' lang='lat' dir='ltr'><strong>dono</strong></span> <span class='ocrx_word' id='word_1_406' title='bbox 2159 4187 2441 4254; x_wconf 89' lang='lat' dir='ltr'><strong>accepisse</strong></span> <span class='ocrx_word' id='word_1_407' title='bbox 2480 4186 2719 4238; x_wconf 86' lang='lat' dir='ltr'><strong>insulam</strong></span> <span class='ocrx_word' id='word_1_408' title='bbox 2749 4185 2873 4251; x_wconf 79' lang='lat' dir='ltr'><strong>flii,</strong></span> 
     </span>
     <span class='ocr_line' id='line_1_45' title="bbox 637 4257 2879 4326; baseline -0.003 -9"><span class='ocrx_word' id='word_1_409' title='bbox 637 4271 702 4317; x_wconf 90' lang='lat' dir='ltr'><strong>ut</strong></span> <span class='ocrx_word' id='word_1_410' title='bbox 735 4264 1138 4318; x_wconf 87' lang='lat' dir='ltr'><strong>monasterium</strong></span> <span class='ocrx_word' id='word_1_411' title='bbox 1178 4263 1547 4315; x_wconf 84' lang='lat' dir='ltr'><strong>construeret.</strong></span> <span class='ocrx_word' id='word_1_412' title='bbox 1625 4258 1823 4311; x_wconf 89' lang='lat' dir='ltr'><strong>Skenii</strong></span> <span class='ocrx_word' id='word_1_413' title='bbox 1872 4258 2207 4310; x_wconf 87' lang='lat' dir='ltr'><strong>sententiam</strong></span> <span class='ocrx_word' id='word_1_414' title='bbox 2246 4257 2353 4326; x_wconf 92' lang='lat' dir='ltr'>(II,</span> <span class='ocrx_word' id='word_1_415' title='bbox 2396 4275 2451 4326; x_wconf 90' lang='lat' dir='ltr'><strong>p.</strong></span> <span class='ocrx_word' id='word_1_416' title='bbox 2482 4258 2585 4310; x_wconf 81' lang='lat'><strong>105</strong></span> <span class='ocrx_word' id='word_1_417' title='bbox 2620 4262 2739 4310; x_wconf 88' lang='lat' dir='ltr'><strong>not.</strong></span> <span class='ocrx_word' id='word_1_418' title='bbox 2782 4258 2879 4326; x_wconf 90' lang='lat'><strong>38)</strong></span> 
     </span>
     <span class='ocr_line' id='line_1_46' title="bbox 638 4329 2131 4403; baseline -0.004 -15"><span class='ocrx_word' id='word_1_419' title='bbox 638 4340 862 4390; x_wconf 85' lang='lat' dir='ltr'><strong>secutus</strong></span> <span class='ocrx_word' id='word_1_420' title='bbox 897 4353 1068 4403; x_wconf 86' lang='lat' dir='ltr'><strong>supra</strong></span> <span class='ocrx_word' id='word_1_421' title='bbox 1101 4333 1348 4388; x_wconf 85' lang='lat' dir='ltr'><strong>medium</strong></span> <span class='ocrx_word' id='word_1_422' title='bbox 1389 4331 1659 4400; x_wconf 86' lang='lat' dir='ltr'><strong>quiddam</strong></span> <span class='ocrx_word' id='word_1_423' title='bbox 1696 4334 1893 4382; x_wconf 86' lang='lat' dir='ltr'><strong>tenere</strong></span> <span class='ocrx_word' id='word_1_424' title='bbox 1926 4329 2131 4382; x_wconf 87' lang='lat' dir='ltr'><strong>studui.</strong></span> 
     </span>
    </p>
   </div>
  </div>
 </body>
</html>
