3259 5084
1294 311 1383 321 —
1478 276 1599 335 10'1
1697 310 1784 321 -—

410 474 472 533 p.
523 454 681 529 440)
728 454 832 512 sed
877 453 994 532 ipsi
1040 453 1235 513 sancti
1280 458 1343 512 et
1386 454 1551 531 ipsae
1596 459 1864 527 sanctae,
1921 453 2135 531 quibus
2191 474 2322 512 cum
2369 454 2660 517 Columba

412 549 549 602 erat
593 542 981 615 necessitudo,
1028 540 1437 620 virginitatem
1484 542 1643 601 tanti
1687 540 2162 615 aestimavexint‚
2209 550 2278 602 ut
2325 543 2442 602 nisi
2486 543 2662 603 inviti

410 652 453 691 a
500 630 852 709 parentibus
896 632 1169 691 collocati
1215 634 1337 691 sint
1382 632 1514 708 (vit.
1548 630 1910 707 salabergae
1946 634 2004 705 6,
2035 586 2194 691 Mai).
2226 631 2312 705 ΙΙ,
2345 652 2481 691 ann.
2516 632 2662 705 655,

415 742 475 799 p.
512 720 666 797 424)
714 740 905 797 neque
950 740 1061 779 sua
1088 728 1291 802 sponte
1320 719 1609 781 desierint
1640 718 1852 779 divinis
1888 718 2222 803 praeceptis
2252 739 2312 779 80
2339 716 2663 800 implicare.

417 810 587 886 Ergo
630 830 749 867 non
796 809 937 869 solis
998 809 1391 894 scriptoribus
1436 810 1679 885 (Jonas,
1727 809 1833 869 vit.
1880 808 2068 887 Burg.
2119 804 2185 881 3,
2240 830 2300 887 p.
2347 810 2504 886 440)
2559 810 2664 869 sed

394 898 598 957 ‘etiam
646 898 792 975 ipsis
839 898 1059 957 sanctis
1104 898 1547 958 matrimonium
1595 906 1658 957 et
1702 897 1830 957 vita
1875 854 2219 958 monachica
2264 898 2351 957 ita
2395 899 2554 957 inter
2599 918 2660 957 se

413 988 720 1046 contraria
781 1007 907 1046 esse
964 986 1347 1061 videbantur,
1408 993 1477 1047 ut
1532 986 1864 1047 comem-ari
1919 987 2028 1047 deo
2085 987 2242 1045 idem
2303 993 2458 1047 esset
2505 987 2664 1063 quod

416 1096 659 1135 manere
704 1076 773 1133 111
816 1076 1165 1153 virginitate
1213 1076 1377 1153 (Jon.
1428 1076 1539 1136 vit..
1581 1076 1754 1137 Eust.
1811 1078 1863 1149 1,
1909 1098 1968 1155 p.
2022 1078 2192 1153 117).

598 1164 693 1223 Ex
740 1166 989 1242 singulis
1036 1164 1249 1223 deinde
1296 1165 1671 1237 testimoniis,
1705 1182 1858 1241 quae
1903 1164 2218 1224 Ebrardus
2247 1166 2495 1242 profert,
2541 1162 2660 1241 pri-

400 1273 577 1311 -mum
623 1254 946 1330 rejicienda
992 1260 1133 1313 sunt
1178 1274 1265 1327 ea,
1314 1276 1466 1331 quae
1496 1254 1782 1332 repetivit
1811 1276 1884 1313 ex
1916 1255 2019 1315 vit.
2053 1253 2254 1313 Salab.
2293 1256 2389 1326 17,
2420 1274 2479 1331 p.
2505 1253 2664 1325 4283

412 1342 524 1401 vit.
573 1342 698 1401 Col.
749 1344 849 1416 23,
896 1364 955 1421 p.
1009 1344 1089 1401 14
1136 1344 1208 1402 cf.
1256 1342 1525 1402 Columb.
1572 1364 1666 1421 ep.
1716 1344 1781 1417 3,
1828 1366 1886 1421 p.
1937 1346 2018 1401 27
2069 1342 2159 1415 Α;
2215 1342 2322 1401 vit.
2381 1342 2502 1401 Sal.
2555 1342 2661 1415 12,

415 1452 475 1509 Ρ.
524 1432 674 1504 426,
736 1452 875 1490 nam
929 1452 1059 1490 cum
1117 1432 1245 1510 ipse
1290 1432 1602 1491 Ebrardus
1659 1434 1944 1491 concedat
1998 1432 2091 1489 his
2137 1431 2493 1509 testimo-niis
2537 1450 2663 1489 rem

413 1520 756 1578 confirmari
800 1540 921 1579 non
966 1542 1139 1598 posse
1185 1523 1267 1599 (p.
1318 1522 1491 1598 215),
1540 1522 1768 1581 leviora
1814 1520 1938 1579 sint
1983 1540 2217 1579 necesse
2263 1525 2370 1579 est.

596 1608 755 1667 Illud
805 1630 947 1669 vero
978 1610 1401 1683 testimonium,
1448 1610 1607 1687 quod
1655 1630 1727 1667 ex
1759 1605 2115 1687 Leodegarii
2145 1605 2272 1668 vita
2317 1608 2661 1685 desumpsit,

416 1697 502 1755 nil
548 1697 711 1756 aliud
758 1700 1107 1775 comprobat
1150 1698 1268 1757 nisi
1314 1698 1524 1756 miram
1573 1698 1872 1775 quandam
1901 1698 1964 1756 in
1998 1697 2308 1756 scribendo
2339 1696 2661 1757 levitatem.

415 1786 573 1847 Nam
606 1786 979 1865 Leodegario
1012 1786 1497 1846 consuetudinem
1543 1788 1726 1845 fuisse
1757 1806 1888 1845 cum
1929 1786 2099 1845 sociis
2131 1782 2456 1845 Columbae
2502 1784 2661 1843 affir-

418 1875 569 1933 mari
615 1876 855 1933 omnino
902 1895 1019 1934 non
1066 1881 1265 1952 potest
1312 1874 1456 1950 (vid.
1502 1874 1778 1951 Loening
1807 1876 1893 1948 H,
1940 1897 1997 1952 p.
2033 1875 2207 1951 428),
2255 1880 2414 1933 certe
2458 1872 2663 1932 fictum

414 1970 513 2021 est
572 1982 705 2023 eum
751 1963 971 2021 vixisse
1032 1963 1093 2020 in
1151 1963 1545 2021 matrimonio.
1636 1963 1946 2023 Ebrardus
2007 1964 2189 2036 eni-m,
2250 1962 2390 2039 quia
2435 1960 2663 2021 Leodo-

414 2050 624 2125 garius
670 2050 927 2109 moriens
972 2046 1273 2111 mulierem
1320 2051 1509 2131 coepit
1553 2050 1844 2112 consolari
1890 2073 2057 2112 suam
2113 2051 2302 2129 ipsius
2357 2050 2666 2109 mulierem

416 2156 554 2197 eum
600 2140 967 2198 consolatum
1030 2160 1157 2199 esse
1216 2140 1505 2211 affirmat,
1568 2140 1728 2219 quod
1775 2141 1862 2199 de
1921 2142 2088 2201 nulla
2146 2141 2266 2199 alia
2311 2141 2556 2199 muliere
2601 2140 2665 2198 in

414 2226 719 2305 prioribus
766 2228 989 2288 mentio
1036 2229 1195 2289 facta
1240 2230 1335 2288 sit.
1424 2230 1589 2289 Proh
1635 2230 1850 2290 dolori*
1905 2228 1972 2291 Si
2017 2248 2225 2289 versus
2271 2229 2487 2309 prioris
2533 2228 2666 2287 dili-

414 2316 657 2393 gentius
702 2317 993 2377 rationem
1056 2318 1387 2392 habuisset,
1442 2320 1749 2378 mulierem
1809 2320 1972 2379 illam
2020 2318 2410 2379 intellexisset
2455 2334 2664 2377 revera

416 2404 601 2463 aliam
647 2426 766 2464 non
811 2406 1011 2481 fuisse,
1058 2426 1237 2483 quam
1284 2409 1517 2467 comitis
1575 2408 1791 2486 palatii
1837 2407 2232 2467 chrodoberti
2278 2409 2539 2463 uxorem.
2549 2404 2575 2441 1

596 2494 807 2571 Neque
838 2514 910 2553 011
938 2496 1045 2555 vit
1069 2495 1394 2572 Wandreg.
1424 2496 1610 2573 prior.
1641 2516 1690 2554 c.
1721 2496 1789 2567 4,
1821 2496 1977 2553 Mab.
2008 2494 2094 2567 ΙΙ,
2127 2516 2186 2571 p.
2221 2494 2345 2551 527
2380 2492 2662 2570 (Ebrard,

398 2602 479 2660 sp.
502 2582 651 2657 194)
678 2583 841 2641 aliud
867 2582 1181 2659 quicquam
1206 2583 1404 2659 colligi
1428 2603 1601 2659 posse
1620 2583 1738 2642 nisi
1771 2583 1932 2659 quod
1952 2582 2198 2642 nabilio
2219 2581 2400 2641 dixit.
2438 2576 2662 2642 Wand-

397 2666 683 2751 ἶ8891811013
726 2670 908 2730 umori
948 2669 1267 2737 castitatem
1301 2670 1655 2753 persuadet,
1706 2670 1833 2749 ipse
1881 2660 2070 2731 lector
2111 2671 2285 2729 facile
2331 2676 2662 2747 cognoscet.

600 2758 719 2817 Sed
764 2759 911 2836 quid
948 2760 1281 2836 judieemus
1342 2760 1417 2819 de
1477 2760 1554 2819 118
1605 2760 1869 2819 vitarum
1905 2760 2091 2833 locis,
2159 2759 2266 2837 qui
2325 2778 2532 2819 revera
2589 2758 2662 2817 de

415 2848 839 2907 monachorum
884 2848 1022 2907 filiis
1066 2848 1162 2909 vel
1191 2846 1389 2908 filiolis
1418 2848 1780 2909 mentionem
1809 2848 2078 2909 faciunt?
2125 2848 2296 2909 Ante
2325 2853 2663 2927 susceptum

414 2937 839 2996 monachorum
886 2943 1091 2998 votum
1136 2937 1252 2997 viri
1298 2937 1386 2996 illi
1430 2932 1582 2997 filios
1611 2944 1963 3015 genuerunt.
2024 2939 2194 2997 Haec
2221 2937 2390 3016 prior
2428 2944 2517 2997 est
2560 2958 2662 2995 ex-

402 3026 783 3104 planationis
829 3027 984 3086 ratio
1030 3046 1219 3104 eaque
1276 3027 1571 3104 proxima,
1634 3028 1785 3103 quia·
1835 3034 2070 3090 constat
2127 3026 2476 3104 saepissime
2521 3032 2664 3085 tunc

414 3115 705 3193 tempor-is
763 3116 927 3175 viros
984 3121 1182 3175 aetate
1250 3115 1654 3194 provectiores
1713 3121 1820 3175 aut
1887 3116 2139 3175 mortuis
2209 3114 2496 3199 umoribus
2558 3120 2664 3173 aut

404 3202 755 3281 composito
800 3224 931 3263 cum
963 3203 1082 3263 illis
1114 3204 1355 3271 consilio
1388 3204 1808 3263 monachorum
1841 3204 2090 3281 collegio
2121 3202 2451 3262 accessisse
2527 3200 2663 3261 Hac

416 3290 857 3369 interpretandi
915 3292 1147 3351 ratione
1207 3292 1299 3351 uti
1359 3292 1503 3352 licet
1562 3292 1627 3351 111
1687 3292 1814 3351 vita
1873 3284 2162 3369 Adelphii
2211 3294 2262 3349 7
2328 3290 2511 3367 (mab.
2573 3290 2660 3364 ΙΙ,

414 3400 554 3440 ann.
606 3381 755 3455 670,
798 3402 857 3459 Ρ.
892 3381 1063 3457 603),
1110 3380 1216 3440 ubi
1261 3380 1407 3440 haec
1437 3382 1743 3457 leguntur:
1757 3378 2014 3463 'factum
2059 3388 2158 3452 088,
2205 3388 2268 3439 ut
2310 3377 2374 3439 in
2404 3378 2500 3439 dio
2541 3376 2662 3451 6380,

412 3488 534 3551 quo
558 3462 853 3571 feqavim
896 3466 1106 3529 Sancti
1130 3464 1344 3534 Ama&
1384 3466 1682 3550 ayebawr,
1709 3466 1940 3571 ffliolus
1979 3466 2165 3550 apsens
2207 3476 2444 3528 sam-cm
2474 3464 2659 3528 Adel-

408 3554 593 3637 phiws
636 3557 703 3619 in
744 3556 947 3619 eadem
994 3555 1237 3619 basilica
1280 3554 1633 3637 sepeliretur.
1693 3558 1796 3623 Nn
1841 3557 1997 3617 enim
2030 3558 2298 3643 impedit,
2333 3558 2662 3635 queminus

415 3666 711 3725 ponamus
769 3646 1137 3725 Adelphium
1184 3646 1255 3724 (†
1303 3648 1457 3724 670)
1503 3654 1710 3707 netum
1782 3666 1935 3721 esse,
1996 3647 2344 3725 priusquam
2404 3646 2662 3706 Amatus

418 3736 841 3804 monachorum
872 3737 1059 3797 vitam
1092 3736 1556 3814 amplecteretur
1582 3736 1744 3813 (cim
1781 3736 1954 3811 501),
1985 3754 2122 3794 nam
2155 3734 2481 3808 Ebrardus,
2527 3754 2661 3794 cum

416 3823 789 3902 Adelphium
831 3844 987 3887 anno
1037 3826 1165 3884 620
1212 3831 1423 3883 natum
1463 3844 1595 3885 esse
1645 3846 1718 3885 ex
1755 3825 1891 3884 -vita
1922 3824 2209 3903 Adelphii
2255 3844 2304 3883 c.
2337 3824 2378 3881 4
2425 3822 2658 3888 efficere

416 3919 685 3985 conatur,
732 3911 821 3971 ni}
864 3914 1025 3975 aliud
1070 3913 1508 3978 demonstravit
1548 3913 1668 3973 nisi
1712 3934 1778 3973 se
1821 3914 2016 3993 ipsum
2074 3915 2264 3973 locum
2281 3958 2296 3985 ,
2359 3931 2477 3989 quo
2521 3930 2662 3971 usus

418 4007 529 4073 est,
575 4008 851 4062 accurate
898 4023 1018 4062 non
1062 4002 1293 4080 legisse.
1307 4000 1334 4037 ⁹
1423 4000 1544 4061 Sed
1587 4002 1748 4061 haud
1794 4003 1915 4062 scio
1971 4023 2049 4061 an
2094 4002 2243 4061 illud
2269 3996 2506 4083 filiolus
2548 4000 2661 4059 hoc

567 4156 587 4187 ¹
627 4124 815 4209 Hunc*
844 4172 1068 4210 versam
1115 4155 1231 4210 nisi
1272 4156 1398 4228 ipse
1442 4154 1800 4227 Loeningius
1841 4157 2136 4211 videretur
2195 4153 2660 4223 praetermisisse,

414 4228 491 4282 ad
531 4228 865 4353 θξῃῗῗέξιῗέα
894 4226 1102 4352 ἔξω
1102 4220 1595 4366 villzzgkldffigffl
1625 4227 1992 4363 dffggasffim
2004 4314 2060 4365 p.
2121 4296 2225 4351 603
2289 4295 2657 4364 Adelphium,

408 4370 553 4439 jam
600 4386 855 4435 senem,
902 4368 1225 4424 Luxovium
1270 4369 1619 4437 pervenisse,
1673 4373 1738 4421 ut
1784 4368 1990 4422 fratres
2027 4367 2312 4433 visitaret,
2361 4371 2421 4421 et
2466 4370 2660 4423 88110110
