3259 5084
1299 231 1732 288 ...55—

391 407 568 468 aliter
613 407 998 486 accipiantur,
1046 429 1223 486 quam
1269 414 1425 483 sunt,
1473 409 1667 468 facere
1716 431 1833 469 non
1874 431 2131 488 possum,
2180 413 2325 489 quin
2372 435 2408 471 a
2453 415 2631 474 lecto·

388 497 554 556 ribus
599 502 816 575 petam.
907 499 1060 559 Nam
1109 519 1242 556 cum
1287 499 1361 556 de
1407 499 1482 558 iis
1529 499 1810 558 ecclesiae
1840 500 2456 562 Hiberno-Scotorum
2501 525 2633 580 par-

388 587 579 659 tibus,
653 587 724 644 de
765 587 998 668 ’quibus
1058 587 1226 646 Beda
1285 587 1389 646 illo
1449 589 1577 646 loco
1640 609 1759 646 non
1819 590 2108 668 loquitur,
2170 591 2271 651 vix
2319 591 2636 669 quicquam

390 680 620 735 constet
673 675 1008 734 mirandum
1065 697 1184 735 non
1242 685 1357 750 est,
1421 677 1580 754 quod
1636 698 1812 756 saepe
1869 680 2127 740 occurrit
2180 681 2381 759 opinio
2446 688 2635 742 totam

388 764 999 824 Hiberno-Scotorum
1047 767 1352 825 ecclesiam
1399 768 1728 842 subjectam
1774 767 1955 826 fuisse
1988 770 2345 829 monasterio
2378 771 2633 830 Hiiensi.

390 854 508 928 Qui
555 874 720 914 error
765 855 992 930 ignosci
1037 860 1235 932 potest
1283 855 1383 928 eis,
1432 856 1534 932 qui
1581 856 1755 932 quasi
1801 863 2249 935 praetereuntes
2280 860 2353 918 de
2387 860 2633 920 ecclesia

388 942 698 1004 Scotorum
747 945 931 1002 verba
977 945 1273 1016 fecerunt,
1323 945 1426 1003 sed
1471 946 1544 1002 de
1590 944 1868 1004 Ebrardo
1910 946 2299 1021 judicandum
2346 955 2435 1008 est
2482 969 2632 1022 eum,

388 1032 490 1109 qui
535 1033 694 1092 illius
743 1033 962 1092 erroris
1007 1033 1360 1112 participem
1407 1054 1469 1093 se
1516 1033 1661 1094 fecit
1706 1034 1969 1110 (Ebrard
2016 1057 2075 1113 p.
2126 1037 2299 1112 285),
2347 1037 2457 1098 hac
2502 1037 2634 1114 ipsa

385 1143 450 1180 re
497 1123 675 1180 talem
723 1143 784 1180 se
833 1122 1156 1182 ostendisse
1175 1167 1188 1194 ,
1254 1123 1348 1180 cui
1404 1123 1616 1200 majori
1677 1123 1839 1182 laudi
1898 1125 2109 1184 fuisset
2168 1131 2391 1199 tacere,
2456 1147 2633 1203 quam

390 1210 640 1269 solidum
689 1211 760 1269 de
809 1212 1052 1272 ecclesia
1097 1211 1713 1272 Hiberno-Scotorum
1760 1214 2129 1273 conscribere
2175 1214 2411 1274 librum.
2455 1226 2457 1228 ’
2504 1215 2633 1294 Ap·

389 1305 560 1377 paret
607 1301 762 1357 enim
802 1302 929 1376 jam
977 1321 1049 1358 ex
1093 1301 1295 1359 Bedae
1342 1301 1540 1360 verbis
1596 1321 1777 1380 supra
1833 1304 2303 1363 commemoratis
2360 1305 2635 1364 omnibus

387 1389 718 1448 Hiberniae
778 1389 984 1448 incolis
1046 1391 1308 1467 exceptis
1369 1390 1926 1467 septentrionalium
1988 1391 2301 1452 Scotorum
2359 1393 2632 1471 plurimis

387 1479 608 1536 nullam
656 1498 787 1536 cum
833 1478 1183 1538 Hiiensibus
1229 1479 1414 1538 fuisse
1460 1479 1953 1538 necessitudinem
2000 1501 2193 1559 neque
2240 1481 2405 1542 deest
2450 1483 2629 1554 16666,

383 1567 486 1626 ubi
536 1568 704 1625 Beda
750 1569 1043 1646 expressis
1089 1568 1286 1628 verbis
1332 1569 1691 1629 mentionem
1736 1568 1943 1627 fecerit
1989 1569 2063 1628 de
2110 1570 2423 1643 Hibernis,
2488 1570 2637 1652 „qui

385 1655 460 1716 ab
486 1652 821 1716 Hiiensium
867 1655 1126 1716 dominio
1171 1654 1340 1716 libem·
1382 1664 1591 1716 erant“
1640 1659 1719 1734 (h.
1754 1678 1801 1716 e.
1838 1657 1893 1730 5,
1932 1659 2011 1716 15
2044 1660 2079 1736 ξ
2116 1660 2269 1736 403)
2303 1665 2363 1718 et
2392 1667 2633 1737 praeter

385 1766 508 1818 eos,
559 1766 706 1822 quos
752 1746 874 1804 illic
920 1745 1098 1820 dixit,
1148 1766 1348 1806 omnes
1395 1747 1685 1806 australes
1731 1747 2059 1806 Hiberniae
2104 1749 2375 1825 regiones
2422 1748 2630 1808 abbati

383 1834 621 1896 Hiiensi
680 1835 979 1910 subjectas
1035 1855 1154 1894 non
1213 1834 1394 1894 fuisse
1453 1834 1612 1892 idem
1675 1835 1793 1894 alio
1854 1835 1983 1896 loco
2030 1837 2110 1912 (h.
2144 1857 2194 1896 e.
2229 1839 2285 1911 3,
2321 1838 2358 1894 3
2407 1839 2442 1915 ξ
2480 1837 2631 1915 155)

386 1922 602 1982 docuit.

569 2011 736 2084 Quae
781 2031 914 2069 cum
961 2011 1048 2070 ita
1093 2011 1238 2085 sint,
1287 2011 1523 2072 exsistit
1569 2013 1864 2090 quaestiO‚
1928 2017 2126 2072 utrum
2182 2013 2469 2074 mirabilis
2530 2015 2633 2076 illa

386 2099 654 2158 Hiiensis
685 2099 1032 2158 monasterii
1077 2100 1404 2160 auctoritas
1449 2101 1512 2159 in
1559 2121 1665 2160 suo
1712 2121 1927 2178 genere
1975 2101 2293 2178 singularis
2339 2103 2521 2163 fuerit
2566 2104 2631 2162 in

387 2189 627 2247 ecclesia
675 2187 1014 2262 Scotorum,
1075 2210 1152 2247 an
1199 2189 1316 2248 alia
1363 2190 1596 2266 ejudem
1650 2191 1886 2266 generis
1933 2193 2200 2269 exempla
2246 2193 2307 2250 in
2355 2193 2487 2252 aliis
2536 2215 2625 2252 ec-

385 2277 596 2336 clesiae
641 2277 916 2354 partibus
961 2277 1218 2337 inveniri
1263 2279 1510 2357 possint.
1603 2278 1785 2340 Certo
1841 2301 1960 2338 non
2016 2280 2251 2340 omnino
2310 2281 2627 2358 singularis

383 2371 536 2438 erat,
599 2366 702 2425 sed
755 2367 906 2445 proh
951 2368 1148 2426 dolor!
1228 2368 1561 2428 accuratius
1617 2367 1691 2426 de
1738 2369 1851 2427 hac
1896 2390 1961 2428 re
2008 2368 2323 2442 disserere,
2384 2389 2629 2448 prorsus

381 2455 506 2513 fere
551 2474 658 2514 nos
703 2455 955 2534 impedit
986 2464 1252 2516 veterum
1299 2457 1775 2517 testimoniorum
1822 2457 2090 2534 penuria.
2152 2456 2444 2517 Attamen
2479 2477 2630 2535 quae

381 2544 753 2623 potissimum
794 2545 1164 2603 observanda
1210 2552 1364 2618 sunt,
1411 2546 1634 2624 partim
1682 2565 1754 2602 ex
1798 2546 2051 2604 vetustis
2097 2546 2301 2624 paucis
2331 2547 2552 2625 partim
2598 2567 2629 2606 6

382 2631 728 2711 posterioris
775 2633 1062 2710 temporis
1108 2633 1461 2693 testimoniis
1510 2632 1709 2710 colligi
1755 2639 2025 2712 possunt.

559 2721 713 2781 Nam
745 2721 872 2780 sive
902 2721 1156 2782 Patricii
1187 2723 1554 2800 temporibus
1585 2722 1848 2782 nondum
1894 2728 2024 2785 tota
2069 2722 2261 2782 insula
2309 2723 2633 2786 christiana

384 2815 518 2869 erat
576 2810 736 2869 facta
799 2810 924 2869 sive
989 2810 1236 2870 mortuis
1281 2811 1546 2872 Patricio
1603 2818 1665 2871 et
1719 2810 1891 2871 sociis
1937 2811 2341 2874 Hibernorum
2387 2814 2630 2892 plurimi

380 2899 714 2958 reciderant
770 2899 832 2956 in
878 2899 1236 2976 gentilitatis
1293 2901 1771 2978 superstitiones:
1842 2900 1958 2960 nisi
2016 2900 2157 2961 ficta
2216 2909 2355 2962 sunt
2414 2903 2627 2977 omnia,

384 3009 532 3065 quae
579 2989 639 3046 in
689 2987 829 3047 vitis
877 2987 1232 3048 Sanctorum
1278 2989 1766 3050 Hiberniensium
1814 2991 2148 3064 traduntur,
2198 2991 2462 3051 dubitari
2509 3012 2627 3052 non

381 3083 608 3155 potest,
672 3077 816 3154 quin
850 3077 1098 3136 ’6666611
1144 3079 1298 3138 sexti
1345 3080 1715 3158 temporibus
1762 3080 1955 3138 denuo
2005 3081 2177 3155 quasi
2224 3080 2469 3139 ecclesia
2513 3080 2625 3138 Hi-

380 3167 699 3224 bernorum
770 3165 1008 3224 condita
1081 3166 1174 3225 sit.
1267 3166 1466 3226 Tanta
1536 3169 1692 3227 enim
1751 3171 2244 3228 monasteriorum
2305 3167 2627 3228 multitudo

381 3262 524 3314 tunc
572 3255 898 3314 constituta
945 3275 1070 3314 esse
1117 3255 1391 3328 traditur,
1439 3263 1508 3315 ut
1550 3257 1745 3314 nullus
1777 3257 2056 3315 videatur
2084 3257 2265 3316 fuisse
2294 3256 2627 3318 Hiberniae

381 3344 656 3421 angulus,
717 3343 780 3400 in
837 3363 954 3419 quo
1011 3344 1435 3402 monasterium
1495 3365 1614 3404 non
1663 3351 2108 3404 construeretur
2153 3347 2251 3420 (cf.
2298 3345 2494 3406 Skene
2539 3346 2626 3422 II,

379 3456 437 3512 p.
474 3433 551 3491 51
590 3436 761 3510 sqq.).
855 3432 1121 3507 Quorum
1169 3434 1660 3493 monasteriorum
1714 3434 1874 3491 inter
1921 3434 2254 3494 conditores
2302 3455 2433 3493 cum
2480 3455 2623 3496 non-

382 3522 529 3580 nulli
576 3523 724 3580 adeo
771 3523 1150 3595 excellerent,
1211 3528 1281 3581 ut
1341 3523 1645 3601 ingentem
1702 3524 2121 3583 monachorum
2182 3523 2626 3584 multitudinem

381 3632 578 3671 secum
623 3611 939 3684 haberent,
989 3618 1056 3670 ut
1101 3611 1416 3686 Finianus,
1477 3611 1894 3672 Olonardensis
1942 3613 2287 3672 monasterii
2332 3613 2394 3671 in
2440 3614 2627 3674 Midia

381 3701 567 3760 abbas
615 3698 836 3777 (Skene
867 3700 953 3773 II,
985 3721 1041 3776 p.
1080 3700 1206 3777 50),
1254 3705 1421 3777 cujus
1468 3701 1795 3780 discipulus
1842 3708 1900 3760 et
1946 3701 2073 3778 ipse
2108 3701 2399 3761 Columba
2445 3702 2627 3762 fuisse

380 3790 598 3848 dicitur
631 3789 760 3865 (vit.
792 3789 1044 3848 Hibern.
1078 3788 1271 3848 Skene
1295 3790 1379 3862 II,
1414 3812 1550 3870 app.
1581 3812 1640 3869 p.
1676 3791 1830 3866 479)
1864 3795 1926 3850 et
1956 3789 2310 3868 Oomgallns,
2358 3791 2625 3850 Bencho-

381 3878 569 3937 rensis
615 3877 676 3937 in
709 3878 958 3938 Ultonia
1005 3878 1348 3937 monasterii
1381 3880 1582 3953 abbas,
1634 3879 1957 3939 Columbae
1990 3880 2252 3956 aequalis
2284 3879 2507 3957 (Skene
2538 3881 2625 3954 II,

381 3990 435 4046 p.
473 3966 609 4042 55),
647 3968 868 4026 factum
915 3973 1021 4040 est,
1072 3973 1136 4026 ut
1182 3969 1542 4026 monasteria
1591 3989 1791 4028 eorum
1840 3968 2241 4048 principatum
2283 3970 2626 4028 obtinerent

379 4058 443 4115 in
491 4055 762 4114 omnibus
808 4055 882 4114 iis
929 4057 1323 4129 monasteriis,
1373 4077 1524 4134 quae
1558 4059 1651 4116 vel
1680 4065 1929 4136 propter
1958 4060 2378 4118 monachorum
2425 4057 2622 4116 multi-

381 4145 647 4204 tudinem
693 4145 785 4203 vel
849 4143 924 4202 ad
987 4145 1481 4204 disseminandam
1544 4146 1719 4204 fidem
1782 4147 2163 4206 christianam
2222 4148 2297 4204 ab
2360 4145 2624 4223 ipsorum

381 4233 686 4313 discipulis
732 4232 795 4290 in
841 4231 1108 4292 finitimis
1155 4235 1496 4312 regionibus
1544 4236 1869 4294 constituta
1916 4243 2101 4294 erant.
2194 4234 2269 4292 In
2316 4234 2409 4293 his
2455 4236 2621 4294 nobi·

379 4323 618 4384 lissimis
674 4322 1045 4382 monasteriis
1101 4328 1338 4400 praeter
1385 4323 1657 4396 Hiiense,
1718 4323 2147 4397 Clonardense,
2208 4322 2624 4386 Benchorense
