3259 5084
516 1186 520 1188 -
613 1140 702 1200 St.
734 1141 820 1213 II,
871 1142 908 1197 2
955 1161 1014 1217 p.
1051 1142 1203 1217 328)
1251 1147 1447 1200 tamen
1497 1161 1629 1199 cum
1676 1142 1893 1218 prioris
1938 1163 2138 1216 unum,
2186 1143 2300 1202 nisi
2346 1145 2520 1220 plura
2566 1165 2659 1202 me
2689 1145 2853 1221 fuge-

1512 251 1956 307 -40-

615 430 802 488 multa
835 434 977 488 tunc
1007 429 1274 489 Patricio
1306 430 1508 489 afficta
1540 449 1667 488 esse
1702 430 2061 507 comprobet.
2122 429 2386 490 Exstant
2418 430 2575 489 enim
2604 431 2855 489 duarum

615 518 974 594 synodorum
1021 523 1250 578 statuta
1297 517 1438 578 Scto
1484 518 1750 578 Patricio
1797 518 2058 596 ascripta
2102 519 2166 576 in
2212 519 2357 597 ipsis
2404 519 2703 580 codicibus
2748 521 2853 596 (H.

614 606 733 665 and
779 605 868 665 St.
914 605 1010 680 II,
1069 609 1106 664 2
1154 629 1212 686 p.
1262 608 1390 666 328
1439 611 1610 685 sqq.).
1706 608 1871 682 Quae
1934 607 2047 668 etsi
2106 608 2169 666 in
2224 609 2519 667 Hibernia
2578 608 2857 668 videntur

615 716 739 755 esse
787 696 1146 773 conscripta,
1205 700 1405 755 tamen
1457 716 1769 775 perperam
1816 696 2080 755 Patricio
2128 697 2378 757 attribui
2418 701 2543 774 jam
2589 698 2692 756 diu
2739 719 2855 758 non

614 779 954 858 defuerunt,
1020 785 1124 862 qui
1185 785 1624 845 contenderent.
1716 785 1916 846 Hodie
1978 786 2454 846 dubitationibus
2514 789 2675 847 locus
2735 809 2855 846 non

613 873 988 952 relinquitur.
1065 873 1336 935 Oanones
1383 875 1539 933 enim
1584 874 1931 948 Hibernici‚
1996 896 2335 953 quanquam
2380 875 2595 954 prioris
2645 878 2856 952 synodi

614 968 842 1023 statuta
872 963 1188 1022 maximam
1217 964 1282 1022 in
1312 970 1544 1043 partem
1567 964 1833 1024 Patricio
1865 965 2205 1024 attribuunt
2236 967 2309 1040 (e.
2334 986 2391 1042 g.
2414 965 2518 1024 lib.
2542 965 2853 1040 XXXIV,

617 1055 652 1110 6
704 1080 789 1104 --
831 1052 1215 1112 Wasserschl.
1272 1053 1356 1111 Ir.
1402 1051 1547 1112 Gan.
1603 1075 1662 1131 p.
1716 1053 1839 1111 145
1890 1083 1973 1104 =
2020 1073 2147 1130 syn.
2192 1054 2361 1114 Patr.
2408 1054 2459 1128 I,
2522 1056 2561 1112 8
2608 1056 2688 1114 H.
2738 1056 2855 1114 and

613 1235 756 1289 runt
817 1228 1164 1304 (XXXIII,
1229 1231 1258 1288 1
1309 1251 1367 1306 p.
1421 1230 1544 1288 140
1594 1259 1679 1281 =
1726 1251 1851 1306 syn.
1897 1232 1966 1289 P.
2012 1231 2063 1304 I,
2110 1253 2167 1310 p.
2215 1233 2372 1308 329)
2419 1239 2546 1293 tum
2608 1234 2853 1292 alterius

613 1318 812 1376 omnia
851 1323 1096 1390 statuta,
1143 1325 1391 1398 excepto
1421 1339 1538 1379 uno
1572 1319 1909 1395 (XXXVI,
1943 1321 1982 1378 8
2015 1343 2073 1398 p.
2112 1321 2235 1380 153
2272 1351 2356 1372 =
2389 1343 2512 1398 syn.
2544 1322 2614 1381 P.
2646 1322 2733 1396 II,
2770 1324 2853 1381 30

611 1428 668 1485 p.
706 1407 876 1483 338),
926 1409 1085 1484 quod
1129 1407 1420 1488 „synodus
1461 1406 1652 1469 dixiffl
1681 1409 2034 1487 inscriptum
2066 1416 2169 1484 est,
2216 1410 2477 1490 „synodo
2509 1407 2855 1471 Romanw‘

612 1495 918 1554 ascribunt
963 1497 1038 1572 (e.
1084 1518 1140 1573 g.
1187 1497 1274 1570 II,
1325 1499 1409 1556 23
1455 1520 1512 1576 Ρ.
1547 1499 1629 1554 22
1667 1527 1750 1548 =
1784 1519 1907 1574 syn.
1955 1498 2024 1557 P.
2058 1497 2143 1572 H,
2194 1501 2250 1573 2,
2298 1520 2355 1577 Ρ.
2393 1501 2518 1558 333
2568 1506 2629 1560 et
2674 1501 2854 1560 simili

613 1605 733 1643 non
781 1585 985 1643 eadem
1040 1585 1271 1645 ratione
1316 1585 1470 1660 XII,
1523 1586 1602 1644 15
1650 1607 1707 1664 p.
1758 1588 1841 1644 44
1890 1615 1973 1638 =
2020 1608 2145 1664 syn.
2190 1588 2263 1646 P.
2308 1589 2393 1662 H,
2447 1590 2526 1647 14
2572 1611 2630 1667 p.
2682 1590 2853 1668 335).

790 1674 1007 1751 Itaque
1056 1695 1172 1751 quo
1220 1675 1460 1734 meliore
1501 1679 1637 1751 jure
1670 1677 1965 1754 quispiam
1997 1678 2315 1737 contendat
2344 1677 2482 1737 ficta
2514 1699 2639 1738 esse
2674 1679 2854 1737 etiam
2943 1729 2955 1738 ,

613 1783 699 1835 ea,
749 1783 900 1839 quae
933 1762 1248 1822 Tirechani
1295 1765 1666 1842 temporibus
1715 1765 1786 1822 de
1828 1766 2142 1826 itineribus
2172 1766 2426 1826 Patricii
2457 1788 2564 1844 per
2595 1767 2853 1827 Galliam
2883 1791 2889 1796 ·

613 1857 792 1927 atque
822 1850 1064 1911 Italiam
1110 1857 1300 1912 totam
1349 1853 1532 1930 ipsius
1579 1853 2146 1914 circumferebantur
2184 1857 2361 1930 dicta,
2409 1878 2477 1914 eo
2510 1857 2853 1933 diligentius

612 1941 1008 2018 quaerendum
1080 1942 1252 2000 nobis
1314 1949 1429 2014 est,
1501 1963 1793 2020 quaenam
1854 1945 2043 2003 altera
2103 1947 2319 2004 saeculi
2378 1945 2617 2024 septimi
2677 1953 2851 2024 parte

608 2029 812 2106 priora
859 2034 1098 2089 exstent
1142 2030 1217 2088 de
1263 2031 1526 2089 Patricio
1573 2032 1933 2091 testimonia.

785 2117 902 2175 His
964 2137 1103 2174 num
1166 2118 1642 2176 adnumerandus
1704 2121 1784 2177 sit
1829 2120 1995 2179 Fieci
2056 2122 2159 2198 qui
2215 2122 2434 2181 dicitur
2478 2124 2731 2198 hymnus
2778 2125 2851 2183 de

609 2205 750 2265 Scto
781 2205 1044 2264 Patricio
1093 2206 1189 2282 (cf.
1223 2226 1399 2283 supra
1429 2228 1488 2284 p.
1524 2208 1623 2279 32,
1660 2208 1724 2282 3)
1772 2213 1833 2264 et
1880 2209 2024 2283 quid
2070 2230 2143 2266 ex
2187 2210 2290 2267 illo
2333 2211 2723 2269 hauriendum
2756 2213 2850 2284 sit,

608 2294 753 2354 haec
798 2295 991 2372 prima
1037 2295 1272 2354 exsistit
1329 2295 1621 2373 quaestio,
1688 2315 1871 2372 eaque
1918 2296 2285 2372 gravissima.
2378 2298 2646 2356 Fuerunt
2694 2300 2851 2357 enim

611 2387 671 2442 et
715 2390 856 2444 sunt
900 2384 1184 2459 nonnulli,
1233 2384 1336 2462 qui
1380 2384 1492 2442 hoc
1540 2383 1797 2442 carmine
1842 2389 2032 2443 totam
2079 2385 2151 2443 de
2182 2385 2436 2445 Patricii
2480 2387 2695 2446 itinere
2726 2387 2847 2445 Ro·

609 2494 782 2532 mano
831 2473 1238 2551 quaestionem
1282 2472 1434 2533 solvi
1477 2478 1659 2550 atque
1692 2474 1999 2552 explanari
2028 2493 2201 2552 posse
2232 2482 2463 2552 putent,
2512 2496 2579 2533 ac
2611 2476 2849 2553 quidem

608 2561 700 2620 his
748 2563 1022 2624 carminis
1068 2563 1294 2622 verbis:

697 2646 798 2711 He
829 2650 946 2728 (St.
972 2651 1297 2728 Patricius)
1329 2659 1476 2711 went
1505 2671 1703 2712 across
1732 2648 1815 2710 all
1842 2648 1935 2710 the
1964 2647 2119 2732 Alps
2151 2653 2295 2729 (hib.
2321 2649 2518 2734 Εἶρα)
2554 2689 2629 2697 -
2672 2647 2854 2714 Great

1487 2735 1663 2800 God!
1698 2739 1745 2799 it
1789 2761 1913 2799 was
1956 2761 1995 2798 a
2039 2739 2261 2801 marvel
2305 2740 2377 2823 of
2410 2763 2451 2800 a
2481 2739 2772 2825 joumey!

698 2824 848 2886 until
891 2824 960 2887 he
1004 2826 1160 2887 ataid
1203 2825 1342 2886 with
1375 2823 1640 2888 German
1682 2827 1745 2887 in
1790 2826 1881 2888 the
1926 2827 2111 2901 south,
2157 2829 2220 2891 in
2264 2827 2356 2889 the
2398 2829 2565 2890 south.
2596 2840 2747 2912 part
2793 2831 2866 2913 of

1462 2911 1713 2974 Latium
1760 2916 1914 2992 (hibz
1961 2913 2199 2996 Letka).

699 2999 782 3062 In
833 2999 924 3062 the
975 2999 1109 3064 isles
1156 3001 1230 3084 of
1271 2999 1362 3063 the
1417 3000 1711 3082 Tyrrhene
1756 3024 1854 3064 sea
1899 3006 2052 3081 (hibt
2100 3026 2274 3065 mara
2326 3004 2605 3086 Towv'aem)
2651 3007 2719 3070 he
2762 3029 2849 3069 re·

1459 3090 1718 3164 mained,
1764 3090 1981 3153 ther-ein
2024 3092 2093 3155 he
2137 3094 2478 3156 meditatedt

699 3179 768 3242 he
822 3181 969 3242 read
1015 3201 1200 3242 canon
1245 3179 1382 3241 with
1433 3177 1745 3243 Germain:
1799 3182 1844 3241 it
1886 3183 1935 3242 is
1980 3181 2092 3243 this
2138 3181 2259 3244 that
2303 3184 2564 3266 writinys
2610 3183 2850 3247 declara.

787 3271 1075 3332 Nonnulli
1122 3272 1302 3345 enim,
1350 3271 1727 3331 Bollandista
1775 3273 1975 3348 (Mart.
2012 3276 2110 3347 17,
2156 3296 2213 3351 p.
2252 3274 2421 3351 528),
2468 3276 2597 3334 Leo
2642 3272 2846 3356 (Com-

609 3358 882 3419 mematio
913 3359 986 3420 de
1008 3359 1265 3420 carmine
1285 3369 1502 3421 vetusto
1525 3357 1843 3421 Hibernico
1870 3368 1978 3420 etc.
2011 3363 2184 3422 Halis
2216 3363 2401 3436 1845,
2436 3366 2506 3422 cf.
2523 3365 2849 3439 Windisch,

612 3445 836 3506 Ivisclw
889 3447 1093 3520 Teme,
1151 3471 1207 3527 p.
1261 3451 1393 3526 10),
1450 3450 1855 3509 Windischius
1903 3451 2010 3526 (Ir.
2059 3450 2273 3525 Texte,
2332 3474 2387 3529 p,
2443 3454 2549 3530 19)
2605 3455 2850 3513 verbum

611 3532 776 3617 Espa
820 3535 1147 3596 Albaniam
1191 3559 1311 3597 non
1352 3537 1558 3616 Alpes,
1604 3539 1853 3598 verbum
1883 3534 2077 3598 Letha
2105 3540 2421 3599 Letaviam
2466 3543 2501 3599 i.
2552 3563 2599 3600 e.
2632 3541 2847 3601 Armo-

609 3625 791 3684 ricam
837 3627 933 3685 vel
965 3627 1202 3686 omnino
1235 3626 1493 3686 Galliam
1534 3627 2057 3705 septentrionalem
2086 3628 2442 3706 intellegunt
2472 3635 2532 3690 et
2562 3631 2623 3690 in
2656 3632 2847 3690 medio

610 3714 838 3788 relict0,
887 3715 1033 3791 quid
1077 3717 1192 3776 sibi
1237 3717 1428 3775 velint
1473 3716 1699 3774 insulae
1747 3716 1925 3774 maris
1982 3714 2042 3774 T
2033 3715 2255 3789 orm'an,
2305 3719 2604 3779 affirmant
2648 3721 2712 3778 in
2758 3721 2848 3780 his

611 3803 878 3863 versibus
934 3805 1019 3863 nil
1075 3805 1265 3864 inesse
1313 3810 1618 3864 narratum
1664 3804 1780 3863 nisi
1824 3805 2154 3865 Patricium
2200 3807 2485 3866 servitute
2531 3809 2845 3869 liberatum

612 3914 684 3952 ex
729 3893 1023 3952 Hibernia
1081 3895 1339 3972 primum
1397 3895 1461 3952 in
1506 3891 1859 3968 Albaniam,
1921 3895 2129 3954 deinde
2191 3896 2254 3953 in
2302 3895 2561 3956 Galliam
2614 3899 2846 3958 venisse

611 3983 814 4058 ibique
859 3981 1267 4042 Autissiodori
1326 3984 1388 4041 in
1447 3984 1597 4041 urbe
1656 4005 1776 4044 una
1840 4005 1972 4043 cum
2019 3984 2316 4044 Germano
2364 3986 2595 4048 vixisse.
2688 3988 2847 4061 Quin

613 4072 793 4131 etiam
837 4073 1210 4149 ignorantiae
1255 4073 1381 4131 Leo
1429 4074 1731 4133 accusavit
1784 4075 2234 4152 ‚,posteriores“‚
2284 4075 2385 4152 qui
2430 4097 2643 4135 nomen
2683 4097 2845 4136 mon·

610 4166 888 4220 tanarum
919 4161 1152 4221 Scotiae
1198 4161 1507 4238 regionum
1554 4167 1614 4221 et
1646 4163 1905 4222 civitatis
1934 4161 2475 4224 Autissiodorensis
2506 4186 2624 4224 non
2658 4167 2846 4225 solum

611 4270 730 4308 non
789 4250 1245 4324 intellexissent,
1307 4250 1409 4310 sed
1469 4251 1544 4310 ad
1605 4252 1751 4310 haec
1810 4252 2049 4310 nomina
2106 4253 2559 4331 interpretanda
2612 4255 2847 4316 fabulas

612 4338 868 4397 maxime
899 4360 934 4398 a
965 4360 1108 4399 vero
1138 4341 1484 4400 aberrantes
1516 4341 1825 4400 finxissent
1855 4339 1927 4398 de
1958 4341 2219 4402 Patricio
2251 4363 2359 4420 per
2381 4341 2572 4420 Alpes
2594 4344 2847 4404 Romam
