3259 5084
1490 300 1579 311 —-
1677 268 1798 325 116
1899 289 2021 309 -·

615 448 776 519 dass,
840 466 1021 524 supra
1073 448 1201 521 jam
1246 444 1520 503 diximus.
1609 444 1686 503 In
1746 446 1858 503 hoc
1919 443 2205 503 simillimi
2265 450 2462 516 erant,
2523 442 2627 501 sed
2689 442 2856 502 varia

614 536 845 595 ratione
914 542 1165 612 uterque
1230 533 1605 611 disciplinam
1675 534 1986 593 emendare
2057 532 2288 592 studuit
2355 533 2456 609 (cf.
2526 532 2854 609 Harttung,

614 648 675 705 p.
734 628 814 683 27
877 631 999 684 not.
1059 626 1143 701 2).
1233 624 1389 684 Nam
1451 623 1743 683 Columba
1803 630 1866 682 et
1927 622 2068 681 socii
2129 624 2284 697 ejus,
2343 621 2580 700 quippe
2642 621 2858 697 quibus

616 736 818 775 amara
863 713 1043 773 fuerit
1088 713 1233 772 haec
1263 712 1393 772 vita
1422 714 1520 788 (cf.
1554 733 1732 790 supra
1763 734 1819 791 p.
1859 713 1980 770 105
2025 718 2085 769 et
2123 711 2290 787 113),
2326 710 2604 770 ecclesiae
2636 715 2859 769 statum

616 804 911 881 corrigere
982 808 1042 861 et
1110 802 1423 861 emendare
1491 802 1814 861 studebant
1831 847 1844 873 ‚
1909 821 2040 859 cum
2103 800 2181 859 ad
2243 799 2702 858 contemnendas
2763 818 2860 857 res

618 895 902 953 humanas
945 891 1215 951 homines
1259 891 1625 963 invitabant,
1675 890 1996 950 monachos
2039 888 2451 961 tonsurabant,
2497 888 2859 947 monasteria

619 982 1059 1054 construebant,
1105 1000 1242 1054 non,
1288 987 1359 1039 ut
1404 980 1690 1059 populum
1719 979 1784 1037 in
1813 980 1888 1039 iis
1917 978 2240 1051 erudirent,
2287 978 2392 1037 sed
2422 984 2492 1037 ut
2522 976 2858 1055 perfugium

618 1073 977 1151 praeberent
1035 1070 1111 1129 iis
1128 1114 1143 1143 ,
1214 1070 1319 1149 qui
1388 1090 1463 1127 ex
1522 1068 1828 1148 pestilenti
1891 1069 2067 1145 hujus
2137 1067 2344 1125 mundi
2389 1073 2526 1125 aere
2585 1066 2858 1127 secedere

620 1160 957 1239 cupiebant.
1024 1158 1363 1218 Bonifatius
1411 1163 1611 1217 autem
1655 1179 1788 1217 cum
1833 1158 2152 1218 monachus
2199 1163 2330 1216 erat
2373 1163 2502 1215 tum
2549 1156 2862 1234 episcopus

619 1256 684 1309 et
712 1248 1204 1325 archiepiscopus.
1266 1248 1475 1323 anue
1523 1247 1595 1305 de
1645 1267 1820 1307 causa
1865 1248 2096 1306 duabus
2141 1247 2338 1319 rebus,
2384 1251 2447 1304 et
2491 1243 2862 1305 instituenda

619 1338 746 1399 vita
792 1336 1137 1395 monachica
1181 1355 1249 1395 ac
1298 1336 1534 1413 quidem
1588 1336 1911 1395 secundum
1966 1336 2233 1413 regulam
2279 1333 2390 1395 Sti.
2435 1333 2753 1394 Benedicti
2800 1339 2862 1392 et

619 1426 981 1487 hierarchice
1022 1431 1193 1487 statu
1239 1428 1387 1485 bene
1434 1426 1840 1504 componendo
1885 1424 2189 1485 ecclesiam
2221 1424 2518 1500 corrigere
2560 1430 2621 1483 et
2667 1442 2862 1481 emen-

620 1516 763 1574 dare
808 1514 1062 1587 studuit3
1112 1520 1173 1573 et
1214 1514 1342 1593 ipse
1387 1514 1748 1573 monasteria
1779 1514 2160 1585 constituens,
2207 1512 2522 1573 seminaria
2568 1510 2862 1571 educandi

618 1604 852 1685 populi,
914 1604 1016 1663 sed
1074 1604 1230 1663 idem
1295 1604 1603 1682 episcopos
1639 1623 2012 1665 consecrans
2059 1608 2122 1662 et
2165 1602 2229 1661 in
2274 1601 2587 1680 parochias
2635 1600 2864 1679 episco-·

617 1695 791 1773 pales
828 1695 1115 1771 populum
1160 1692 1541 1752 distribuens.
1634 1692 1852 1771 Itaque
1911 1712 2045 1751 cum
2101 1696 2164 1751 et
2221 1689 2522 1749 monachis
2577 1695 2639 1748 et
2674 1690 2864 1748 ,laicis

622 1804 829 1841 curam
874 1782 1203 1854 adhiberet,
1251 1802 1371 1840 non
1418 1783 1605 1840 solum
1637 1782 1797 1842 vitae
1844 1780 2235 1851 monachicae,
2283 1780 2386 1839 sed
2431 1778 2710 1839 ecclesiae
2757 1798 2854 1836 ex,

619 1872 781 1935 stitit
826 1877 1141 1931 corrector.
2761 1914 2768 1925 .

746 1968 751 1971 '
800 1960 1068 2035 Quarum
1114 1960 1412 2019 rationum
1458 1965 1595 2019 utra
1641 1957 1851 2017 melior
1895 1957 2105 2030 fuerit,
2155 1957 2348 2017 exitus
2395 1956 2614 2017 docuit.
2702 1954 2858 2015 Nam

622 2050 793 2109 brevi
836 2056 1102 2126 tempore
1148 2050 1371 2108 factum
1418 2055 1535 2121 est,
1596 2054 1666 2107 ut
1711 2047 1902 2121 Scoti,
1950 2047 2054 2125 qui
2101 2044 2424 2105 Columbae
2470 2044 2726 2123 vestigia
2771 2064 2860 2105 se-

623 2144 873 2215 quentes
932 2138 995 2195 in
1056 2137 1457 2196 continentem
1514 2136 1862 2209 veniebant,
1925 2137 2116 2196 bonae
2175 2135 2458 2195 ecclesiae
2518 2133 2866 2213 disciplinae

624 2247 744 2285 non
789 2226 1051 2303 paullum
1096 2225 1348 2303 periculi
1396 2224 1662 2297 afferent,
1709 2225 1887 2302 idque
1934 2245 2008 2285 ea
2050 2224 2182 2302 ipsa
2227 2224 2302 2283 de
2349 2243 2542 2297 causa,
2589 2222 2752 2300 quod
2796 2231 2866 2281 ut

621 2313 923 2393 peregrini
968 2314 1093 2373 sive
1139 2313 1203 2372 in
1248 2314 1498 2375 desertis
1542 2315 1818 2375 sedentes
1861 2314 1988 2374 sive
2017 2319 2240 2373 terram
2283 2317 2672 2392 peragrantes
2719 2311 2866 2389 legi-

626 2403 789 2465 timis
835 2403 1311 2463 necessitudinis.
1331 2404 1583 2463 vinculis
1647 2424 1778 2462 cum
1839 2403 2084 2463 ecclesia
2127 2402 2446 2479 ‘conjuncti
2496 2419 2617 2459 non
2672 2407 2866 2473 erant,

625 2492 1008 2553 nihilominus
1054 2499 1254 2553 autem
1299 2492 1627 2553 ministeria
1683 2491 2081 2553 ecclesiastica
2136 2510 2557 2569 nonnunquam
2612 2489 2876 2549 admini·-

620 2582 915 2643 strabant.
2113 2626 2120 2633 .
2209 2612 2214 2614 -

804 2671 983 2729 Multi
1044 2670 1201 2729 enim
1260 2670 1480 2730 saeculi
1527 2670 1692 2729 VIII
1740 2676 1800 2729 et
1843 2670 1945 2729 IX
2006 2670 2374 2747 temporibus
2435 2670 2500 2729 in
2545 2667 2745 2729 Gallia
2803 2673 2870 2729 et

622 2758 950 2819 Germania
996 2764 1315 2819 occurrunt
1346 2758 1512 2819 Scoti
1542 2760 2012 2837 peregrinantes,
2041 2758 2156 2834 qui
2188 2758 2598 2836 episcoporum
2613 2757 2866 2816 'nomine

622 2848 1099 2926 appellabantur.
1162 2848 1444 2921 Quorum,
1492 2848 1762 2923 quamvis
1807 2848 1984 2907 liceat
2027 2854 2240 2926 putare
2286 2847 2602 2907 nonnullos
2641 2847 2864 2925 episco-

626 2937 821 3012 palem
868 2934 1221 3011 dignitatem
1266 2942 1508 3013 praet-er
1546 2940 1646 3011 jus
1677 2956 2008 3014 usurpasse,
2055 2942 2257 2995 tamen
2303 2938 2586 3011 majorem
2632 2940 2862 3013 partem

627 3045 691 3083 re
751 3044 895 3083 vera
954 3023 1261 3101 episcopos
1322 3023 1503 3083 fuisse
1565 3024 1856 3084 existimo.
1960 3026 2147 3086 Nam.
2183 3044 2362 3103 supra
2423 3027 2504 3102 (p.
2575 3026 2685 3102 64)
2737 3027 2862 3099 jam

627 3112 883 3173 vidimus
929 3133 1373 3190 nonnumquam
1416 3113 1577 3192 apud
1617 3112 1827 3173 Scotos
1869 3113 2290 3191 peregrinandi
2337 3122 2512 3173 causa
2559 3115 2866 3191 episcopos
2927 3140 2930 3145 ·

628 3223 664 3261 a
710 3202 965 3281 negotiis
1012 3204 1443 3279 episcopalibus
1470 3224 1617 3261 sese
1661 3204 2000 3262 removisse.

808 3290 929 3364 Qui
973 3291 1236 3369 episcopi
1298 3292 1349 3351 si
1394 3291 1457 3348 in
1504 3290 1705 3349 Gallia
1751 3291 2200 3369 'episcopalibus
2263 3291 2501 3351 sedibus
2561 3292 2868 3369 praesules

629 3379 775 3437 facti
822 3385 1035 3452 essent,
1080 3379 1512 3441 ecclesiasticae
1558 3379 1904 3459 disciplinae
1949 3380 2034 3438 nil
2081 3380 2281 3439 damni
2313 3381 2668 3441 attulissent.
2747 3378 2869 3439 Sed

630 3467 961 3543 quominus.
990 3470 1101 3527 hoc
1144 3468 1343 3542 fieret,
1390 3491 1460 3527 ea
1513 3469 1646 3547 ipsa
1698 3490 1792 3528 res
1837 3469 2172 3548 impedivit,
2235 3469 2394 3547 quod
2449 3466 2871 3547 peregrinandi

630 3575 825 3628 causa,
858 3562 925 3615 ut
954 3557 1300 3617 recederent
1330 3579 1361 3616 e
1392 3558 1629 3629 mundO,
1660 3559 1918 3636 patriam
1941 3558 2335 3634 reliquerant3
2367 3578 2560 3635 neque
2583 3556 2869 3634 exemplis

628 3643 825 3703 adhuc
872 3648 1320 3722 comprobatum
1367 3654 1458 3705 est
1512 3667 1774 3722 unquam
1829 3646 1978 3705 illud
2026 3666 2149 3706 esse
2194 3648 2435 3705 factum.
2496 3647 2650 3708 Nam
2679 3646 2868 3705 Hart-

632 3732 877 3809 tungius
923 3754 1055 3793 cum
1100 3736 1317 3793 multos
1370 3735 1433 3794 in
1480 3734 1682 3795 Gallia
1727 3734 2092 3811 parochiales
2129 3736 2452 3814 'episcopos
2506 3735 2580 3794 de
2625 3734 2869 3793 natione

630 3818 949 3881 Scotorum
994 3822 1177 3881 fuisse
1222 3822 1481 3881 affirmat
1525 3825 1606 3900 (p.
1653 3824 1735 3881 32
1785 3826 1934 3899 not.)
1981 3824 2098 3883 alio
2145 3832 2388 3887 auctore
2435 3824 2549 3883 nisi
2593 3823 2869 3883 Ebrardo

634 3930 754 3969 non
814 3911 1033 3982 utitur,
1096 3912 1198 3969 sed
1252 3912 1353 3970 ille
1417 3932 1485 3969 eo
1545 3913 1700 3984 1000,
1764 3913 1841 3970 ad
1900 3932 2074 3987 quem
2120 3913 2523 3991 Harttungius
2581 3919 2873 3989 provocat

630 4001 747 4074 (=
794 3998 1017 4058 Irosch.
1063 4000 1568 4072 Missionskirche,
1633 4021 1692 4078 p.
1745 4001 1868 4058 175
1928 4003 2040 4080 sq.)
2101 4000 2356 4061 Ouldeos
2417 4002 2543 4062 vult
2602 4001 2873 4078 intellegi

630 4108 761 4159 eos,
828 4088 931 4165 qui
992 4088 1117 4149 sive
1164 4087 1327 4146 Galli
1386 4088 1511 4147 sive
1571 4086 1738 4149 Scoti
1807 4096 1978 4148 erant
2039 4089 2396 4148 Culdeorum
2467 4090 2746 4149 ecclesiae
2807 4090 2874 4149 in

632 4177 921 4236 societate
978 4184 1151 4236 erant
1198 4178 1293 4253 (cf.
1340 4175 1605 4251 Ebrard,
1665 4199 1722 4255 p.
1777 4180 1884 4249 18,
1931 4182 2051 4238 not.
2105 4178 2184 4258 18
2225 4184 2294 4236 et
2337 4200 2395 4257 p.
2445 4178 2619 4254 285),
2680 4198 2890 4255 neque·

635 4266 763 4340 ipse
810 4286 1034 4338 omnes,
1099 4285 1247 4343 quos
1307 4266 1601 4341 nominat,
1665 4268 1905 4329 natione
1954 4266 2160 4326 Gallos
2214 4268 2394 4327 fuisse
2455 4266 2676 4326 infitias
2734 4268 2871 4326 iret.

634 4352 1065 4418 Mummolenus
1112 4374 1364 4431 quoque,
1397 4344 1807 4416 Noviomensis
1854 4354 1924 4431 (†
1950 4356 2128 4433 664),
2174 4376 2348 4433 quem
2379 4354 2600 4437 oriyine
2629 4352 2876 4425 Scotum
