3259 5084
1289 279 1732 335 —71-

394 478 528 519 cum
585 478 679 529 ea,
732 449 861 532 vqua
908 452 1074 513 Scoti
1120 455 1477 528 utebantur,
1534 454 1918 533 computandi
1964 456 2102 514 festi
2146 456 2440 532 paschalis
2486 458 2646 517 ratio

395 548 602 607 eadem
648 545 847 616 fuerit,
898 563 1047 621 quae
1086 543 1406 602 Britonum
1454 579 1542 589 -—
1589 546 1749 619 quod
1795 546 2061 621 profecto
2107 544 2321 603 mirum
2367 566 2487 604 non
2533 553 2639 620 est,

392 636 507 695 etsi
551 634 819 693 Patricio
882 652 1013 691 cum
1058 632 1347 692 Romanis
1406 633 1778 692 necessitudo
1839 633 1980 705 fuit,
2040 654 2180 693 nam
2240 635 2444 693 eadem
2498 639 2646 693 tunc

391 723 653 783 Romani
695 724 1021 781 utebantur
1066 722 1205 781 festi
1250 722 1544 800 paschalis
1586 721 2043 800 computatione,
2092 742 2210 797 qua
2238 723 2522 782 Britones
2561 758 2638 767 —

397 814 473 873 ad
520 833 604 885 ea,
652 832 805 888 quae
837 832 1017 888 supra
1058 812 1140 888 (p.
1180 811 1259 868 19
1292 814 1449 888 sqq.)
1482 811 1752 884 disserui,
1799 813 2052 871 lectores
2081 812 2354 889 delegare
2385 832 2646 889 possum.

396 903 603 979 Neque
650 901 857 973 haben,
906 900 1067 976 quod
1112 900 1185 957 de
1230 907 1474 960 tonsura
1520 900 1822 977 prioribus
1869 902 1951 977 (p.
1986 902 2063 958 21
2103 902 2216 978 sq.)
2250 900 2482 958 addam.
2557 901 2642 960 Et

392 992 527 1069 ipsa
574 990 731 1049 enim
780 989 985 1047 eadem
1031 994 1161 1048 erat
1206 990 1367 1067 apud
1415 988 1642 1062 ScotOS,
1683 1009 1842 1064 quae
1888 991 2047 1066 apud
2092 990 2373 1048 Britones
2413 1024 2502 1033 —
2531 989 2646 1047 hoc

394 1085 623 1139 certum
668 1083 775 1150 est,
823 1078 926 1135 sed
972 1083 1171 1135 utrum
1210 1081 1337 1153 jam
1380 1078 1699 1151 Patriciae,
1746 1085 1815 1137 ut
1862 1086 2062 1137 censet
2103 1077 2428 1155 Catalogus
2459 1076 2644 1137 Sanc-

392 1176 611 1237 torum,
658 1172 929 1225 attonsus
974 1167 1156 1225 fuerit
1200 1167 1381 1244 idque
1425 1174 1674 1226 tonsura
1719 1168 2038 1227 Britonum
2084 1174 2146 1226 et
2187 1166 2517 1240 Scotorum,
2565 1186 2644 1225 an

394 1256 711 1335 peculiaris
744 1255 850 1313 illa
880 1256 1233 1314 tonsurandi
1264 1256 1417 1315 ratio
1444 1256 1876 1334 posterioribus
1897 1256 2268 1334 temporibus
2293 1256 2530 1313 aliunde
2561 1288 2638 1299 ——·

395 1346 557 1405 haud
616 1344 795 1404 sciam
856 1364 933 1402 an
996 1365 1068 1402 ex
1114 1343 1313 1403 Gallia
1372 1365 1493 1403 una
1553 1364 1685 1404 cum
1746 1346 1872 1405 vita
1932 1345 2276 1404 monachica
2329 1380 2404 1389 —
2458 1350 2518 1403 et
2577 1344 2641 1401 in

395 1434 771 1494 Britanniam
804 1440 865 1493 et
894 1433 959 1492 in
982 1434 1338 1493 Hiberniam
1362 1435 1720 1511 pervenerit,
1751 1434 1816 1491 in
1838 1434 2032 1492 medio
2057 1434 2510 1510 relinquendum
2535 1440 2642 1491 est.

579 1523 747 1581 Haec
808 1523 991 1600 igitur
1046 1524 1120 1581 de
1166 1522 1481 1596 Columba,
1544 1524 1619 1581 de
1667 1525 1834 1599 cujus
1879 1542 2132 1601 persona
2180 1529 2242 1579 et
2286 1527 2486 1581 aetate
2531 1521 2644 1579 hac

396 1618 634 1671 nostrae
696 1612 1120 1690 disputationis
1178 1617 1351 1689 parte
1410 1613 1700 1671 disserere
1759 1632 1939 1689 supra
1997 1610 2170 1670 nobis
2211 1608 2642 1687 proposuimus.

396 1700 516 1760 Sed
561 1700 906 1779 priusquam
952 1701 1031 1759 ad
1076 1708 1423 1777 sequentem
1454 1700 1906 1779 progredientes
1939 1706 2172 1777 partem
2203 1698 2650 1775 cognoscendae

396 1790 674 1849 ecclesiae
734 1790 1369 1867 Nordanhymbrorum
1442 1795 1502 1847 et
1568 1795 1820 1849 naturae
1891 1796 1953 1848 et
2013 1787 2448 1847 controversiae
2511 1806 2643 1844 cum

395 1879 669 1937 Romana
701 1878 949 1936 ecclesia
980 1897 1222 1953 operam
1252 1878 1475 1950 demus,
1506 1878 1713 1954 paucis
1737 1898 1938 1937 earum
1961 1876 2293 1935 Hiberniae
2317 1875 2647 1951 regionum,

401 1986 553 2043 quae
598 1985 635 2022 a
680 1966 939 2023 dominio
986 1965 1326 2024 Hiiensium
1372 1966 1597 2025 liberae
1644 1974 1839 2039 erant,
1893 1966 2204 2026 historiam
2249 1965 2642 2023 absolvamus.

582 2052 659 2111 In
706 2054 1064 2114 australibus
1110 2054 1265 2111 enim
1297 2054 1627 2114 Hiberniae
1674 2055 1960 2134 partibus
1993 2054 2195 2132 paullo
2242 2058 2380 2111 ante
2425 2071 2644 2111 annum

406 2142 533 2201 630
579 2142 839 2201 Romani
900 2143 1052 2201 inito
1111 2144 1401 2203 nescimus
1447 2145 1740 2221 quomodo
1789 2164 1918 2203 cum
1963 2142 2250 2202 Hibernis
2297 2140 2644 2212 commercio

400 2250 531 2289 cum
561 2230 681 2289 illis
713 2251 889 2306 agere
922 2238 1262 2309 coeperunt,
1300 2238 1374 2291 ut
1404 2233 1640 2309 abjecto
1671 2252 1776 2291 suo
1807 2226 2150 2291 celebrandi
2177 2232 2319 2290 festi
2348 2228 2644 2307 paschalis

396 2339 559 2377 more
618 2320 682 2376 in
736 2320 1030 2379 unitatem
1078 2320 1357 2379 ecclesiae
1404 2323 1690 2381 redirent.
1781 2321 1958 2394 Quod
2005 2321 2119 2379 etsi
2163 2320 2337 2379 initio
2383 2316 2643 2376 Hiberni

394 2408 766 2481 recusabant,
814 2415 1015 2468 tamen
1054 2409 1258 2487 paucis
1298 2410 1471 2469 annis
1500 2415 1659 2489 post,
1703 2430 1860 2469 anno
1895 2410 2040 2481 630,
2087 2414 2157 2465 ut
2185 2407 2440 2477 videtur,
2489 2425 2644 2462 com-

394 2496 545 2556 moti
603 2496 790 2573 ipsius
836 2498 1093 2557 Honorii
1152 2519 1345 2576 papae
1399 2500 1656 2577 epistula
1709 2496 1934 2574 synodo
1982 2496 2392 2574 episcoporum
2437 2492 2645 2551 habita

398 2585 477 2643 ad
541 2583 832 2662 Campum
903 2585 1103 2643 album
1169 2585 1625 2663 (Magh-Lene)
1697 2606 1898 2644 omnes
1964 2583 2245 2643 >australis
2313 2580 2646 2640 Hiberniae

396 2674 626 2731 incolae
694 2673 913 2749 pascha
984 2674 1265 2732 canonico
1336 2675 1460 2733 ritu
1520 2676 1840 2733 observare
1909 2674 2247 2733 didicerunt
2307 2677 2368 2729 et
2427 2669 2648 2747 legatis

396 2760 650 2819 Romam
710 2762 905 2821 missis
965 2782 1111 2840 pace
1171 2782 1303 2821 cum
1358 2762 1648 2823 Romanis
1706 2764 1869 2821 facta
1926 2762 2350 2821 intellexerunt
2407 2780 2470 2819 se
2529 2758 2646 2817 nisi

398 2853 744 2926 conjunctos
809 2871 941 2909 cum
1006 2851 1299 2929 episcopis
1360 2851 1648 2912 Romanis
1709 2853 2004 2915 unitatem
2065 2849 2345 2909 ecclcsiae
2405 2867 2648 2908 servare

398 2960 517 2998 non
561 2938 790 3017 posse.1

576 3028 747 3085 Haec
807 3027 1005 3086 omnia
1050 3028 1331 3089 Hiienses
1386 3050 1560 3107 aegre
1609 3032 1878 3090 tulerunt
1921 3027 2236 3104 (Cumeani
2281 3048 2373 3105 ep.
2421 3046 2480 3103 p.
2529 3024 2646 3081 20:

398 3136 438 3173 a
482 3113 639 3174 vobis
682 3114 1014 3195 impugnor,
1060 3138 1119 3195 p.
1155 3118 1264 3176 22:
1314 3137 1459 3177 omas
1504 3128 1585 3178 est
1626 3116 1786 3180 vobis
1830 3116 1988 3199 quod
2033 3115 2187 3192 dico)
2236 3115 2359 3173 sive
2405 3112 2646 3172 omnino

398 3203 525 3263 sive
558 3205 716 3279 quod
760 3223 881 3262 una
926 3226 1059 3262 cum
1104 3206 1237 3263 aliis
1284 3208 1561 3265 australis
1590 3208 1924 3267 Hiberniae
1955 3203 2327 3263 monasteriis
2353 3208 2420 3260 et
2449 3201 2645 3279 ipsum

398 3293 873 3351 Dearmachense
920 3292 1062 3369 (vid.
1104 3313 1285 3371 supra
1328 3315 1388 3371 p.
1424 3295 1551 3371 54),
1598 3299 1768 3369 cujus
1813 3295 1998 3353 abbas
2029 3292 2364 3351 Oumeanus
2409 3289 2650 3350 videtur

398 3380 607 3454 fuisse,
654 3381 731 3439 ad
774 3380 1079 3440 Romanos
1124 3383 1477 3455 transierat3
1524 3404 1717 3460 neque
1763 3382 1880 3460 ipsi
1925 3402 2116 3459 neque
2162 3378 2646 3459 septentrionalis

398 3469 731 3528 Hiberniae
789 3470 1051 3549 episcopi
1106 3471 1365 3548 epistula
1416 3472 1519 3530 illa
1564 3472 1611 3531 J
1612 3472 1860 3531 ohannis
1905 3492 2119 3549 papae,
2181 3470 2254 3529 de
2301 3489 2420 3546 qua
2463 3487 2646 3545 supra

397 3558 625 3617 >dictum
678 3565 771 3618 est
814 3561 899 3638 (p.
950 3560 1059 3637 58)
1106 3561 1384 3619 commoti
1440 3567 1605 3635 sunt,
1663 3566 1735 3620 ut
1789 3560 2134 3621 societatem
2178 3580 2311 3617 cum
2355 3556 2648 3616 Romanis

398 3647 637 3706 inirent.
713 3646 931 3724 Itaque
979 3669 1130 3724 quae
1176 3649 1249 3707 de
1279 3649 1628 3710 Hiiensibus
1671 3656 1732 3709 et
1763 3651 1836 3709 de
1867 3648 2160 3708 Hibernia
2189 3644 2645 3725 septentrionali

400 3735 656 3814 amplius
698 3736 953 3795 dicenda
998 3744 1154 3810 sunt,
1200 3738 1263 3795 in
1310 3740 1694 3815 sequentibus
1739 3739 1952 3797 melius
1999 3757 2176 3813 quam
2222 3738 2332 3796 hoc
2377 3738 2506 3794 loco
2540 3734 2645 3792 ab·

549 3943 569 3973 ²
606 3943 884 3997 Nituntur
917 3945 1057 3998 haec
1084 3945 1273 3998 omnia
1298 3948 1357 3998 et
1384 3945 1653 4000 Gumeani
1681 3948 1924 4015 epistula
1949 3946 2021 4000 ad
2049 3946 2353 4015 Segenium
2378 3943 2644 3996 abbatem

403 4012 701 4067 Hiiensem
738 4016 1064 4083 (623-652,
1103 4014 1178 4071 H.
1218 4016 1331 4070 and
1358 4016 1440 4071 St.
1469 4016 1548 4082 H,
1591 4019 1620 4070 1
1661 4036 1716 4086 p.
1749 4019 1895 4087 135),
1937 4034 2080 4087 quae
2121 4020 2304 4071 exstat
2339 4017 2399 4068 in
2425 4009 2644 4065 Usserii

401 4088 659 4139 veterum
679 4085 1046 4153 epistolarum
1065 4088 1487 4141 hibernicarum
1509 4089 1746 4159 sylloge.
1787 4088 1948 4143 Paris
1972 4089 2127 4143 1665.
2169 4105 2258 4155 ep.
2280 4088 2345 4139 11
2368 4102 2420 4152 p.
2436 4083 2500 4136 17
2521 4098 2640 4149 sqq.

403 4160 462 4210 et
508 4155 703 4210 Bedae
749 4156 881 4211 hist.
922 4158 971 4221 2,
1016 4160 1081 4213 19
1134 4160 1165 4229 ξ
1210 4159 1313 4212 143
1350 4176 1469 4227 sqq.
1518 4162 1577 4211 et
1622 4160 1672 4223 3,
1715 4161 1747 4213 3
1800 4161 1832 4228 ξ
1875 4162 1994 4215 155.
2069 4158 2172 4224 Et,
2228 4173 2336 4225 quo
2385 4159 2646 4220 tempore

403 4227 556 4281 facta
592 4228 722 4291 sint,
763 4244 891 4279 cum
918 4228 1313 4296 episcoporum
1339 4228 1726 4283 Romanorum
1750 4231 1975 4283 nomina
2003 4228 2284 4283 definiunt
2305 4222 2642 4295 (625-640)

400 4302 522 4351 tum
572 4298 879 4351 incertiora
928 4298 1156 4367 quidem
1205 4300 1307 4353 illa
1344 4301 1444 4353 sed
1482 4300 1616 4353 satis
1654 4300 1802 4354 bona
1841 4304 2174 4369 argumenta
2218 4316 2290 4352 ex
2327 4298 2468 4366 ipsis
2509 4296 2644 4351 festi

405 4369 690 4437 paschalis
731 4370 1247 4437 computationibus
1286 4371 1583 4439 desumpta
1618 4369 1836 4439 (Skene
1873 4370 1952 4437 II,
1992 4388 2049 4439 p.
2093 4370 2240 4440 161).
