3259 5084
1496 254 1938 311 -74-

598 431 921 492 Caedvalla
940 475 954 504 ,
1018 430 1541 490 christianissimus
1600 430 1828 489 scilicet
1870 431 1971 489 ille
2014 430 2329 489 Britonum
2377 452 2483 490 rex
2530 433 2625 507 (cf.
2672 431 2841 491 Beda

496 554 511 563 =
598 524 655 581 11.
688 542 736 580 0.
772 522 830 593 2,
864 522 967 594 20,
1000 521 1036 597 ἓ
1074 520 1225 596 147)
1280 518 1561 578 Aeduino
1614 518 1744 597 regi
1787 520 2006 578 bellum
2054 520 2262 579 intulit
2307 527 2369 580 et
2411 522 2516 579 illo
2561 527 2844 598 superato

598 618 781 688 atque
826 610 1139 669 interfecto
1184 608 1242 668 N
1244 608 1814 683 ordanhymbrorum
1862 609 2133 685 regiones
2189 610 2349 667 ferro
2401 610 2646 686 ignique
2691 610 2839 669 adeo

598 699 879 772 vastavit,
924 703 994 757 ut
1037 697 1325 757 Paulinus
1370 697 1577 755 relicta
1622 698 1762 757 sede
1794 697 2179 757 cantuariam
2223 703 2642 757 reverteretur.
2705 696 2844 759 Una

601 808 741 849 vero
788 808 921 845 cum
964 784 1220 846 Paulino
1282 793 1345 845 et
1389 786 1522 863 ipsa
1566 786 1714 845 fides
1777 786 2099 845 christiana
2157 786 2445 846 discessit.
2535 787 2690 847 Nam
2737 788 2844 864 qui

601 876 944 937 Aeduinum
1004 875 1194 933 secuti
1254 881 1394 933 sunt
1457 895 1628 951 reges
1648 919 1662 948 ,
1723 874 2050 934 Eanfridus
2068 919 2082 947 ,
2148 875 2462 934 Ethilfridi
2521 875 2845 935 decessoris

603 964 870 1025 Aeduini
916 964 1092 1035 filius,
1138 963 1203 1021 in
1246 962 1544 1036 Bernicia,
1592 963 1849 1037 Osricus,
1895 964 2082 1041 ipsius
2129 961 2396 1022 Aeduini
2441 964 2848 1037 consobrinae,

602 1056 667 1114 in
712 1054 917 1126 Deira,
965 1053 1197 1128 abjecta
1242 1052 1391 1124 fide,
1452 1072 1571 1127 qua
1630 1052 1733 1111 ille
1795 1054 1931 1112 exul
1990 1054 2052 1111 in
2101 1051 2304 1112 Scotia
2366 1054 2462 1111 hic
2508 1074 2544 1111 a
2589 1053 2849 1111 Paulino

602 1143 867 1203 imbutus
914 1147 1044 1200 erat
1058 1184 1073 1213 ,
1119 1140 1203 1199 ad
1238 1138 1474 1219 priscas
1517 1137 1947 1221 &ioaoflatriae
1990 1140 2190 1202 sordes
2235 1148 2610 1201 reverterunt
2656 1140 2846 1216 (Beda

604 1233 661 1290 h.
710 1252 759 1289 0.
808 1232 865 1302 3,
919 1231 972 1303 l,
1023 1230 1057 1306 ξ
1114 1228 1284 1305 150).
1374 1226 1497 1287 Sed
1548 1232 1676 1304 jam
1737 1236 2019 1306 sequente
2079 1250 2236 1290 anno
2281 1231 2360 1289 ab
2406 1231 2612 1290 eodem
2657 1230 2844 1289 Caed-

604 1320 763 1382 valla
824 1324 1077 1395 uterque
1137 1324 1483 1395 peremptus
1544 1323 1651 1377 est.
1744 1319 1878 1392 Quo
1940 1319 2202 1378 facinore
2249 1318 2570 1379 Gaedvalla
2617 1319 2852 1379 nescius

605 1408 748 1469 fidei
796 1407 1154 1467 christianae
1198 1406 1358 1465 viam
1404 1408 1467 1465 111
1496 1407 2078 1483 Nordanhymbriam
2123 1428 2330 1467 rursus
2369 1408 2624 1486 aperuit.
2693 1408 2849 1466 Nam

606 1497 941 1569 Oswaldus,
1002 1495 1280 1555 Eanfridi
1337 1496 1525 1554 frater
1584 1502 1647 1554 et
1707 1499 1834 1572 ejus
1895 1496 2204 1573 Osricique
2263 1498 2326 1554 in
2387 1502 2515 1555 tota
2577 1496 2846 1556 Nordan·

605 1586 879 1663 hymbria
940 1605 1263 1656 successor,
1327 1590 1387 1643 et
1437 1585 1566 1662 ipse
1620 1605 1740 1643 una
1795 1606 1927 1644 cum
1986 1587 2174 1646 fratre
2222 1606 2259 1643 a
2303 1585 2500 1643 Sectis
2545 1586 2852 1656 educatus,

606 1682 779 1735 tanto
825 1675 889 1733 in
935 1674 1113 1733 exilio
1158 1694 1301 1750 erga
1346 1671 1653 1732 Christum
1700 1694 1897 1733 amore
1945 1681 2074 1734 erat
2118 1674 2409 1746 incensus,
2454 1678 2539 1746 ut,
2585 1674 2855 1732 simulat-

609 1785 723 1840 que
770 1784 877 1822 rex
918 1764 1113 1821 factus
1174 1768 1290 1835 est,
1350 1762 1662 1821 consilium
1724 1770 1987 1840 caperet,
2049 1769 2118 1821 ut
2177 1762 2396 1820 auxilio
2455 1781 2683 1833 eorum,
2747 1760 2851 1837 qui

608 1854 803 1932 ipsum
850 1851 1209 1923 erudierant,
1254 1851 1540 1929 populum
1588 1872 1760 1910 suum
1805 1853 1882 1910 ad
1927 1852 2104 1911 fidem
2148 1852 2473 1910 reduceret.

786 1940 1007 2017 Itaque
1065 1940 1289 1999 factum
1359 1946 1478 2011 est,
1549 1947 1620 1999 ut
1680 1941 1960 1999 Hiienses
2031 1945 2248 2018 rogatu
2316 1940 2474 2017 regis
2533 1937 2851 1998 Aedanum

610 2029 953 2106 episcopum
982 2028 1047 2085 in
1078 2028 1659 2104 Nordanhymbriam
1691 2029 1998 2087 mittentes
2029 2030 2225 2104 (Beda
2253 2030 2311 2087 h.
2343 2049 2392 2087 0.
2427 2030 2486 2100 3,
2523 2030 2579 2101 3,
2625 2029 2661 2105 ξ
2700 2026 2854 2097 155;

614 2116 671 2189 5,
718 2117 752 2192 ἓ
807 2117 956 2190 164)
1004 2115 1329 2173 (10111111111111
1390 2134 1561 2173 suum
1608 2118 1704 2190 (ut
1747 2116 1836 2175 ita
1881 2117 2074 2174 dicam
2121 2137 2254 2174 cum
2299 2116 2493 2191 Beda)
2539 2117 2602 2174 in
2666 2116 2856 2192 ipsius

609 2204 807 2280 gentis
861 2200 1201 2278 Anglorum
1261 2202 1532 2276 regiones
1596 2204 2032 2279 propagarent,
2093 2224 2214 2262 non
2272 2204 2397 2261 dixi
2455 2204 2518 2262 in
2579 2204 2853 2263 Nordan·

608 2290 969 2368 hymbriam,
1032 2310 1170 2350 nam
1225 2310 1345 2348 non
1404 2289 1565 2349 solae
1610 2290 2024 2349 Berniciorum
2069 2296 2132 2349 et
2175 2290 2515 2349 Deiriorum
2563 2291 2854 2367 regiones,

611 2381 675 2439 in
721 2380 937 2457 quibus
966 2378 1251 2437 Aedanus
1282 2378 1680 2456 episcopalem
1725 2398 1893 2437 suam
1933 2378 2130 2437 sedem
2163 2379 2555 2438 constituerat
2599 2380 2663 2437 in
2709 2400 2854 2457 pen·

610 2470 807 2528 insula
836 2467 1329 2541 Lindisfarnensi,
1361 2458 1600 2525 Aedani
1647 2473 1708 2526 et
1753 2466 2042 2526 sociorum
2093 2488 2270 2545 opera
2317 2488 2486 2527 sacra
2531 2467 2858 2528 christiana

614 2563 1023 2635 susceperunt,
1087 2557 1190 2615 sed
1250 2562 1459 2633 postea
1520 2556 1699 2614 etiam
1747 2556 2155 2633 Middilanglis
2214 2562 2275 2616 et
2320 2557 2557 2617 Merciis
2617 2564 2860 2617 auctore

613 2666 752 2723 rege
808 2646 1011 2718 Osviu,
1074 2644 1337 2703 Oswaldi
1397 2644 1656 2723 primum
1717 2647 1897 2721 (anno
1962 2647 2117 2725 642)
2176 2646 2240 2705 111
2285 2646 2591 2719 Bernicia,
2647 2647 2856 2706 deinde

520 2778 524 2780 -
616 2736 1022 2811 (651—670)
1087 2735 1402 2793 interfecto
1464 2732 1704 2792 Oswino
1767 2734 1960 2811 (Beda
2017 2736 2074 2794 11.
2131 2756 2180 2793 0.
2231 2736 2297 2807 3,
2352 2736 2449 2808 14,
2497 2737 2532 2813 ξ
2586 2737 2736 2811 188)
2795 2735 2859 2793 111

614 2831 745 2883 tota
776 2823 1299 2900 Nordanhymbria
1344 2842 1692 2895 successore,
1741 2823 1819 2881 ad
1862 2822 2039 2881 fidem
2088 2823 2469 2881 christianam
2500 2824 2858 2883 transeunti-

615 2914 729 2970 bus
776 2932 811 2971 a
857 2911 1111 2984 Finano,
1159 2909 1396 2969 Aedani
1442 2930 1776 2970 successore
1824 2910 2244 2987 (651—661),
2300 2910 2609 2987 episcopus
2657 2928 2856 2969 consc-

622 3007 823 3061 cratus
870 3007 960 3060 est
1006 3008 1067 3059 et
1111 2999 1325 3059 missus
1356 3000 1580 3058 Diuma
1626 3000 1884 3075 quidam,
1933 2998 2174 3057 natione
2205 2997 2417 3057 Scotus
2465 2997 2656 3073 (Beda
2682 2996 2758 3057 -11
2806 3016 2855 3055 0.

620 3091 678 3164 3,
726 3091 832 3163 21,
879 3091 915 3167 ξ
964 3089 1091 3147 210
1141 3109 1296 3165 sqq„
1344 3090 1416 3147 cf.
1466 3088 1524 3161 3,
1573 3089 1676 3162 24,
1723 3090 1758 3165 ξ
1806 3088 1979 3163 223),
2035 3107 2262 3145 necnon
2325 3085 2528 3145 eodem
2589 3092 2860 3163 tempore

618 3178 797 3239 etiam
846 3178 1183 3237 Orientales
1230 3174 1495 3238 Saxones
1520 3176 1733 3260 fidem,
1781 3196 1962 3259 quam
2005 3172 2144 3235 olim
2191 3178 2370 3252 (anno
2421 3176 2575 3253 616)
2621 3171 2862 3255 expulso

618 3264 852 3327 Melz'tto
896 3264 1171 3337 antistite,
1234 3264 1565 3343 Augustini
1626 3265 2049 3325 Cantuarensis
2111 3266 2295 3339 socie,
2359 3259 2716 3345 abjecerant,
2772 3262 2858 3321 in-

618 3353 831 3414 stantw
872 3353 1028 3435 reyis
1066 3350 1245 3415 Osviu
1288 3362 1628 3433 recepe-unt
1673 3354 1754 3431 (11.
1801 3375 1849 3416 0
1899 3354 1958 3428 3,
1993 3354 2094 3427 22,
2141 3356 2364 3455 5213)
2411 3359 2471 3412 et
2519 3355 2860 3430 episcopum

620 3449 976 3519 acceperunt
1020 3444 1255 3501 nomine
1303 3442 1497 3515 Gedd,
1560 3442 1804 3502 natione
1849 3442 2143 3519 Anglum,
2199 3448 2262 3500 et
2304 3442 2500 3518 ipsum
2546 3462 2582 3498 a
2624 3439 2862 3500 Finano

617 3537 1039 3591 consecratum.

796 3619 1015 3696 Itaque
1062 3619 1322 3697 exceptis
1354 3617 1762 3678 Orientalibus
1806 3616 2043 3693 Anglis,
2091 3616 2195 3694 qui
2234 3620 2360 3693 jam
2405 3616 2634 3695 pridem
2678 3616 2860 3693 (631)

620 3730 655 3767 a
703 3708 1045 3767 Cantuariis
1106 3708 1284 3768 fidem
1345 3708 1728 3767 christianam
1790 3710 1852 3763 et
1911 3705 2251 3784 episcopum
2299 3706 2535 3765 nomine
2580 3705 2860 3778 Felicem,

618 3797 683 3855 in
730 3795 1085 3873 Burgundia
1145 3802 1349 3855 natum
1414 3800 1474 3854 et
1534 3800 1955 3868 consecratum,
2017 3800 2368 3873 acceperant
2423 3795 2505 3871 (h.
2555 3816 2602 3853 e.
2652 3796 2710 3867 2,
2763 3794 2862 3867 15,

624 3888 659 3965 ἓ
701 3886 868 3962 135),
900 3889 1031 3944 tota
1077 3905 1149 3943 ea
1178 3884 1530 3944 Britanniae
1560 3880 2125 3959 Anglo-Saxonicae
2169 3905 2324 3961 pars,
2375 3904 2524 3961 quae
2557 3905 2594 3942 a
2626 3882 2866 3943 Tamesi

622 3974 863 4033 flumine
922 3973 985 4031 in
1054 3972 1486 4050 septentriones
1544 3972 1771 4049 vergit,
1845 3973 2198 4033 Hiiensibus
2266 3980 2398 4033 erat
2466 3974 2735 4048 subjecta
2795 3992 2864 4031 ac

623 4064 859 4141 quidem
904 4083 1024 4121 non
1072 4060 1417 4121 circuitione
1452 4060 1708 4138 quadam
1740 4061 1845 4121 sed
1873 4062 1976 4134 ita,
2022 4068 2093 4121 ut
2133 4062 2460 4121 arctissima
2491 4060 2862 4121 necessitudo

622 4160 777 4213 esset
837 4152 957 4211 illis
1016 4149 1357 4229 regionibus
1419 4171 1550 4209 cum
1611 4150 1831 4209 abbate
1891 4150 2157 4225 Hiiensi‚
2219 4154 2385 4227 eujus
2446 4150 2862 4210 auctoritatem

622 4241 1184 4320 archiepiscopalem
1210 4240 1507 4318 quandam
1530 4238 1716 4299 fuisse
1743 4244 1902 4299 certe
1926 4240 2037 4298 hoc
2061 4241 2188 4299 loco
2211 4240 2282 4299 fit
2304 4237 2862 4298 manifestissimum.

620 4328 774 4388 Nam
822 4336 883 4389 et
927 4330 1214 4391 Aedanus
1260 4329 1455 4407 (Beda
1500 4330 1558 4388 11.
1604 4350 1658 4392 0.
1708 4330 1764 4403 3,
1815 4330 1872 4387 3.
1919 4330 1956 4407 ἓ
1993 4328 2115 4388 157
2167 4336 2229 4389 et
2281 4329 2431 4387 164:
2477 4325 2666 4407 sicque
2694 4320 2864 4383 illum
