3259 5084
1281 249 1717 307 -53-„

371 452 546 511 quam
578 431 925 504 Patricium,
973 429 1228 507 denique
1275 433 1497 486 certum
1547 449 1679 486 mea
1727 429 1963 508 quidem
2011 429 2307 488 sententia
2354 431 2613 506 aliquam

369 541 632 599 unquam
678 520 944 578 Patricio
993 540 1124 578 cum
1171 517 1457 576 Romanis
1505 517 1685 576 fuisse
1734 519 2232 577 consuetudinem.

549 609 715 686 Ergo
764 609 908 687 quid
953 609 1193 681 mirum,
1257 606 1416 683 quod
1476 626 1666 683 neque
1721 606 1783 664 in
1830 607 2081 666 Patricii
2137 608 2374 687 scriptis
2421 629 2615 686 neque

371 699 516 758 alibi
562 699 878 775 quicquam
929 697 1203 770 occurrit,
1254 695 1413 774 quod
1460 695 1933 773 antiquissimam
1966 695 2277 756 Scotorum
2310 697 2613 757 ecclesiam

371 809 500 847 cum
561 787 861 862 Romana,
932 786 1125 864 qualis
1186 793 1329 845 tunc
1390 791 1546 857 erat,
1618 805 1737 843 non
1798 785 1861 844 in
1924 786 2197 845 omnibus
2253 787 2614 846 consensisse

372 878 745 955 comprobet!

548 965 668 1024 Sed
735 986 809 1024 ne
878 963 1174 1043 quispiam
1242 970 1418 1043 putet
1487 963 1563 1021 ad
1632 964 1941 1022 obscuram
2022 971 2201 1042 atque
2281 970 2613 1023 contortam

369 1054 622 1115 Patricii
669 1054 977 1113 historiam
1024 1053 1218 1112 redire
1266 1053 1672 1131 quaestionem
1719 1052 1793 1111 de
1840 1053 2289 1130 antiquissimae
2335 1054 2615 1112 ecclesiae

371 1146 683 1204 Scotorum
729 1149 944 1203 natura
991 1149 1051 1202 et
1097 1143 1384 1215 moribus,
1456 1147 1785 1200 extremum
1832 1142 1982 1200 illud
2039 1143 2141 1215 sit,
2212 1149 2280 1201 ut
2327 1149 2613 1220 repetam,

371 1255 522 1312 quae
567 1252 748 1311 supra
787 1235 912 1308 ¹jam
959 1232 1176 1292 similia
1221 1232 1362 1290 dixi.
1424 1231 1598 1290 Licet
1626 1230 1767 1290 ficta
1810 1231 1889 1291 sit
1920 1231 2203 1310 Prosperi
2236 1231 2308 1289 de
2342 1231 2613 1289 Palladio

369 1323 658 1394 narratio,
683 1309 848 1382 ¹licet
892 1341 1195 1399 nunquam
1242 1319 1539 1381 Patricius
1586 1320 1648 1378 in
1696 1319 1905 1393 Italia,
1954 1341 2256 1399 nunquam
2303 1321 2365 1378 in
2416 1319 2615 1378 Gallia

370 1412 576 1484 fuerit,
637 1417 836 1470 tamen
899 1412 1039 1488 quia
1083 1410 1394 1469 Britonem
1456 1430 1588 1467 eum
1635 1409 1815 1468 fuisse
1880 1416 2138 1482 constat,
2204 1409 2614 1487 antiquissima

371 1500 682 1560 Scotorum
731 1501 990 1573 ecclesia,
1039 1520 1216 1577 quam
1262 1499 1359 1558 ille
1405 1499 1467 1556 in
1514 1498 1813 1557 Hibernia
1860 1499 2195 1572 constituit,
2244 1501 2319 1558 ab
2368 1499 2615 1557 ecclesia

369 1590 641 1650 Romana
687 1589 997 1650 dissentire
1044 1610 1161 1648 non
1210 1588 1424 1667 potuit.
1518 1588 1735 1665 Itaque
1782 1587 1885 1664 qui
1931 1589 2115 1647 fuerit

459 1855 770 1922 secundae
817 1854 1124 1921 ecclesiae
1171 1801 1491 1919 Scotorum.
1535 1852 1760 1918 aetatis
1808 1852 2010 1918 status
2058 1853 2525 1920 ecclesiasticus

366 2037 492 2111 jam
549 2034 718 2093 nobis
767 2033 1134 2110 quarendum
1193 2039 1308 2106 est,
1373 2053 1440 2092 ac
1494 2032 1752 2111 primum
1810 2032 2074 2109 quidem,
2136 2040 2204 2092 ut
2259 2054 2440 2113 supra
2490 2037 2613 2109 jam

373 2123 644 2197 diximus,
693 2122 1095 2201 quaerendum
1143 2142 1214 2179 ex

873 2314 1196 2382 columbae
1244 2315 1486 2382 abbatis
1535 2315 1794 2383 Hiiensis
1843 2314 2110 2383 historia.

369 2481 464 2540 De
510 2478 825 2552 Columba,
895 2479 1112 2538 abbate
1159 2477 1396 2538 Hiiensi
1459 2478 1560 2536 vix
1620 2478 1796 2554 plura
1856 2483 2153 2549 constare,
2225 2498 2401 2555 quam
2464 2496 2615 2553 quae

369 2568 538 2627 Beda
582 2575 854 2626 narraret
901 2567 983 2642 (h.
1017 2587 1065 2625 e.
1100 2568 1156 2640 3,
1193 2568 1232 2624 4
1281 2573 1342 2626 et
1391 2567 1447 2638 3,
1483 2565 1566 2622 25
1617 2566 1687 2624 cf.
1726 2565 1781 2638 5,
1818 2566 1881 2640 9)
1910 2563 2245 2624 Schoellius
2293 2567 2354 2623 in
2400 2566 2613 2625 disser-

371 2657 600 2717 tatione
645 2675 754 2715 sua
804 2661 1112 2715 censuerat
1157 2658 1240 2733 (p.
1277 2657 1403 2731 61),
1452 2661 1663 2732 postea
1694 2653 1963 2730 (Herzog
1993 2653 2067 2713 R.
2100 2654 2171 2712 E.
2207 2656 2263 2728 2,
2301 2655 2454 2731 788)
2487 2656 2614 2733 ipse

371 2746 605 2806 addidit
649 2745 838 2805 vitam
885 2745 1208 2804 Columbae
1255 2745 1330 2803 ab
1377 2741 1758 2814 Adamnano,
1822 2747 1881 2800 et
1937 2743 2067 2820 ipso
2114 2745 2331 2803 abbate
2378 2744 2615 2803 Hiiensi

372 2835 752 2911 (679—704
783 2833 864 2892 H.
898 2833 1015 2892 and
1049 2832 1135 2892 St.
1168 2833 1253 2907 II,
1295 2835 1345 2906 1,
1377 2854 1436 2911 p.
1477 2831 1645 2909 135),
1694 2832 2087 2910 conscriptam
2122 2832 2286 2910 (Act.
2320 2831 2425 2892 SS.
2458 2832 2611 2892 Boll.

370 2925 500 2985 Juli
535 2925 591 2996 9,
623 2945 680 3001 p.
721 2924 842 2980 197
879 2943 1007 3001 sqq.
1040 2930 1100 2981 et
1133 2923 1318 2997 alibi),
1367 2941 1544 3000 quam
1587 2933 1766 2981 antea
1810 2928 2057 3000 propter
2100 2923 2349 2995 fabulas,
2399 2921 2615 2999 quibus

373 3013 662 3085 abundat,
724 3009 1082 3070 Adamnano
1143 3012 1472 3072 attribuere
1531 3011 1930 3071 dubitaverat.
2038 3011 2120 3069 Et
2190 3011 2416 3090 optimo
2479 3015 2613 3087 jure

373 3102 631 3180 priorem
677 3120 842 3159 suam
890 3101 1242 3159 sententiam
1275 3100 1608 3159 Schoellius
1638 3099 1929 3179 deposuit.
1992 3099 2166 3158 Licet
2199 3100 2355 3158 enim
2389 3098 2611 3157 Adam-

374 3210 562 3250 nanus
621 3195 851 3249 tantam
912 3189 1088 3248 fidem
1150 3189 1449 3247 miraculis
1511 3188 1881 3264 adjunxerit,
1946 3193 2012 3246 ut
2059 3189 2153 3248 vel
2212 3187 2485 3246 absurdis
2546 3207 2614 3246 ac

372 3281 550 3360 plane
610 3278 831 3358 ineptis
892 3278 1070 3337 rebus
1130 3279 1387 3355 gaudeat
1448 3279 1522 3352 (e.
1565 3299 1620 3354 g.
1657 3278 1714 3349 2,
1751 3276 1852 3350 53,
1898 3298 1957 3355 p.
1994 3277 2166 3353 217),
2214 3311 2300 3320 --
2349 3276 2491 3353 quid
2538 3277 2613 3336 ad

372 3369 537 3428 rem?
613 3369 826 3429 Nonne
898 3367 1052 3426 idem
1121 3367 1343 3443 ubique
1415 3370 1476 3423 et
1535 3365 1694 3444 apud
1756 3385 1959 3424 omnes
2027 3365 2149 3422 fere
2211 3366 2335 3442 ejus
2397 3367 2613 3426 aetatis

373 3460 690 3538 scriptores
738 3456 1033 3515 occurrit?
1102 3454 1203 3514 An
1253 3455 1464 3514 ceteris
1519 3454 1871 3513 eruditiores
1928 3459 2099 3512 erant
2146 3451 2332 3528 Scoti,
2393 3455 2615 3515 diversi

375 3548 552 3607 etiam
609 3546 714 3606 illa
769 3566 832 3603 re
888 3546 964 3604 ab
1011 3545 1283 3605 omnibus
1339 3545 1600 3621 ejusdem
1659 3542 1873 3602 aetatis
1934 3542 2314 3603 hominibus?
2377 3543 2613 3604 Revera

375 3636 725 3707 Schoellius,
775 3655 907 3693 cum
956 3635 1433 3694 dissertationem
1481 3654 1645 3693 suam
1694 3631 2119 3705 conscriberet,
2184 3634 2329 3691 talia
2375 3633 2613 3692 videtur

375 3727 667 3804 cogitasse
725 3743 916 3800 neque
965 3724 1154 3782 adhuc
1199 3723 1372 3781 hodie
1419 3724 1665 3796 desunt,
1738 3722 1837 3799 qui
1901 3721 2147 3780 eandem
2207 3722 2415 3781 falsam
2478 3743 2610 3800 per-

375 3815 705 3875 suasionem
752 3813 866 3872 sibi
912 3813 1231 3872 induerint.
1293 3811 1386 3869 Ea
1433 3812 1564 3891 ipsa
1609 3813 1683 3871 de
1716 3831 1900 3890 causa.
1934 3810 2007 3868 de
2053 3810 2145 3869 his
2177 3812 2360 3870 verba
2406 3811 2613 3870 fecisse

375 3903 535 3962 haud
583 3905 659 3962 ab
705 3922 770 3959 re
816 3903 983 3961 duco,
1074 3900 1571 3960 Luculentissime
1603 3901 1757 3959 enim
1790 3907 1853 3959 et
1881 3898 2176 3960 Muirchui
2209 3901 2335 3959 vita
2365 3899 2610 3958 Patricii

377 3998 437 4051 et
491 3990 833 4050 Adamnani
886 3991 1014 4050 vita
1061 3990 1411 4062 Columbae,
1481 3989 1685 4048 eodem
1741 3992 1861 4048 fere
1916 3996 2179 4069 tempore
2236 3988 2611 4066 compositae,

377 4082 788 4141 demonstrant
834 4077 1042 4139 Scotos
1089 4081 1290 4138 eadem
1349 4077 1526 4138 fuisse
1575 4079 1952 4152 credulitate,
2000 4079 2230 4150 eodem,
2292 4098 2364 4134 ne
2421 4077 2612 4134 dicam

377 4174 618 4247 majore,
665 4167 1078 4227 miraculorum
1126 4189 1325 4228 amore
1358 4173 1417 4227 et
1457 4166 1673 4241 studio,
1720 4173 1900 4245 atque
1947 4187 2148 4226 omnes
2196 4165 2353 4224 illius
2400 4165 2613 4224 aetatis

375 4260 745 4320 christianos.

555 4350 647 4409 De
695 4345 904 4406 ceteris
952 4351 1148 4404 autem
1195 4345 1518 4405 Columbae
1564 4343 1707 4405 vitis
1738 4366 1773 4403 a
1804 4345 2070 4422 Oolgano
2104 4341 2305 4419 (Trias
2336 4341 2613 4422 Thaum.)
