3259 5084
1545 247 1982 304 ...5ο-

645 432 715 485 ut
755 425 983 505 opinor,
1029 447 1066 483 a
1095 425 1360 485 Patricio
1407 426 1567 484 dicta
1615 447 1740 485 esse
1786 432 2045 485 testatur
2076 425 2463 500 TirechanuS,
2507 426 2653 486 haec
2698 427 2891 486 adhuc

644 515 844 588 hodie,
903 513 1174 591 quamvis
1221 515 1494 574 mutilata
1541 515 1664 575 sint
1709 517 1828 589 vel,
1892 517 1942 575 si
1988 517 2203 588 mavis,
2264 537 2382 574 non
2428 523 2605 575 aucta
2650 523 2891 576 exstant

643 606 706 662 in
754 604 1010 682 epistula
1055 606 1138 680 (9.
1180 626 1238 682 p.
1275 605 1454 681 318):
1522 600 1658 664 Deo
1709 604 1963 685 qratia-3.-
2030 603 2321 665 eredentes
2375 615 2425 664 et
2482 604 2764 687 baptizati
2817 605 2890 666 de

643 691 872 753 saeculo
926 690 1258 752 recessi-astte
1311 691 1395 752 ad
1440 691 1819 773 paradisum.
1912 694 2071 768 Quin
2134 695 2313 753 etiam
2376 714 2525 771 quae
2587 696 2650 753 in
2712 695 2889 754 dictis

643 783 760 841 illis
807 787 1137 859 sequuntur
1155 815 1162 820 ·
1183 783 1404 860 optime
1453 784 1746 859 quadrare
1777 777 2063 843 videntur
2100 783 2189 856 iis,
2238 803 2388 860 quae
2434 790 2889 844 commemorato

645 872 933 950 epistulae
992 872 1120 929 loco
1175 871 1476 930 Patricius
1529 873 1813 932 disseruit
1866 873 2169 932 affirmans
2234 893 2296 931 se
2350 893 2530 931 unum
2590 874 2888 950 baptisma

643 969 705 1020 et
749 981 930 1018 unum
979 960 1152 1019 deum
1198 961 1443 1034 habere,
1493 962 1769 1036 eundem,
1819 982 1992 1038 quem
2041 963 2143 1020 alii
2190 961 2532 1020 Christiani.
2623 963 2708 1020 Et
2755 963 2888 1040 quis

643 1049 861 1110 audeat
922 1049 1277 1108 contendere
1343 1070 1476 1108 eum
1539 1052 1643 1127 qui
1702 1053 1775 1110 de
1830 1049 2043 1111 civibus
2097 1059 2433 1110 sanctorum
2475 1047 2889 1110 Romanorum

643 1139 1002 1198 mentionem
1049 1138 1194 1196 fecit
1239 1139 1382 1214 (vid.
1415 1142 1646 1217 supra),
1710 1161 1885 1217 quem
1932 1142 2187 1217 aliquam
2239 1161 2371 1198 cum
2416 1140 2704 1199 Romanis
2750 1161 2885 1198 con·

642 1227 1013 1286 suetudinem
1073 1227 1349 1286 habuisse
1412 1235 1638 1288 certum
1704 1234 1817 1302 est,
1887 1251 2006 1289 non
2066 1229 2331 1306 potuisse
2392 1230 2650 1288 scribere
2712 1229 2885 1288 illud:

641 1313 918 1376 aecclesia
948 1313 1258 1375 Scotorum
1286 1315 1468 1376 immo
1500 1313 1917 1377 Romanorum
1947 1325 2057 1377 etc.
2148 1320 2423 1395 Denique
2463 1339 2583 1377 non
2613 1318 2886 1378 omittam

643 1425 1102 1464 commemorare
1135 1405 1196 1463 in
1221 1406 1418 1464 verbis
1448 1406 1568 1465 illis
1591 1405 1899 1478 „timorem
1932 1407 2029 1467 dei
2055 1405 2235 1466 habui
2262 1407 2469 1467 ducem
2498 1406 2752 1466 itineris“
2776 1414 2885 1466 etc.

640 1495 831 1573 ipsam
876 1494 1132 1553 Patricii
1177 1501 1432 1554 mentem
1482 1495 1670 1556 videri
1718 1498 1973 1574 spirare,
2033 1518 2169 1556 nam
2226 1497 2299 1556 de
2352 1497 2566 1556 timore
2620 1496 2716 1556 dei
2762 1517 2883 1556 sae-

640 1583 882 1662 pissime
928 1583 1209 1660 loquitur.

819 1671 1061 1730 Summa
1105 1673 1293 1749 igitur
1338 1680 1442 1746 est,
1492 1675 1653 1751 quod
1696 1675 2027 1734 Patricium
2072 1695 2332 1752 unquam
2378 1675 2441 1732 in
2472 1674 2655 1733 Italia
2702 1675 2884 1733 fuisse

641 1767 702 1820 et
747 1761 1009 1837 aliquam
1056 1782 1186 1819 cum
1233 1762 1521 1821 Romanis
1569 1765 2049 1824 consuetudinem
2099 1765 2375 1823 habuisse
2421 1763 2567 1821 mihi
2612 1765 2883 1841 persuasi

603 1903 623 1922 ,
641 1851 892 1926 ideoque
941 1871 1147 1910 censeo
1188 1854 1324 1927 jure
1370 1853 1624 1912 attribui
1656 1853 1920 1912 Patricio
1967 1875 2117 1930 quae
2164 1853 2226 1911 in
2272 1854 2430 1912 libro
2463 1851 2885 1911 Ardmachano

640 1945 878 1998 exstant
923 1939 1117 2012 „dicta
1147 1939 1454 2015 Patricii“,
1499 1943 1641 2002 licet
1686 1943 2001 2003 concedam
2046 1964 2139 2001 me
2185 1943 2429 2015 nescire,
2475 1962 2552 2001 an
2600 1944 2887 2000 nonnulla

642 2030 702 2086 in
749 2029 824 2086 iis
872 2050 906 2087 a
952 2029 1384 2106 posterioribus
1429 2031 1663 2106 adjecta
1709 2033 1845 2092 sint.

818 2117 985 2191 Quae
1043 2137 1173 2176 cum
1229 2119 1317 2176 ita
1371 2120 1515 2191 sint,
1581 2121 1761 2178 etiam
1816 2120 2114 2179 difficilior
2172 2121 2420 2197 partim,
2483 2121 2704 2196 partim
2751 2121 2885 2178 sim-

639 2205 868 2283 plicior·
892 2207 1052 2264 facta
1099 2211 1189 2264 est
1236 2208 1504 2283 quaestio
1551 2209 1654 2265 illa
1700 2228 1881 2284 supra
1928 2211 2009 2284 (p.
2061 2209 2170 2282 31)
2217 2209 2543 2285 proposita,
2593 2227 2883 2282 quaenam

638 2296 794 2354 ratio
841 2295 1244 2354 intercesserit
1297 2296 1457 2354 inter
1502 2295 1831 2354 Patricium
1878 2302 1938 2354 et
1983 2295 2337 2353 Palladium.
2429 2295 2532 2354 Ad
2578 2295 2732 2352 hanc
2776 2297 2885 2372 igi-

637 2392 738 2443 tur
793 2385 1134 2444 solvendam
1193 2383 1515 2444 redeamus.
1608 2384 1797 2444 Varia
1856 2385 2089 2442 ratione
2150 2402 2335 2460 usque
2396 2383 2474 2441 ad
2534 2383 2883 2440 hodiernum

638 2474 794 2532 diem
838 2494 966 2532 rem
1013 2473 1332 2550 explanare
1379 2473 1733 2532 studuerunt
1780 2473 1895 2532 viri
1942 2473 2119 2532 docti.

817 2561 912 2620 Ac
959 2562 1216 2640 primum
1263 2561 1502 2638 quidem
1547 2583 1645 2636 ea,
1708 2583 1826 2639 qua
1880 2583 2023 2622 usae
2067 2562 2226 2621 vitae
2271 2560 2525 2620 Patricii
2584 2561 2887 2618 finxerunt

638 2651 966 2712 Patricium
1031 2673 1066 2709 a
1125 2651 1296 2728 Papa
1358 2651 1697 2711 Goelestino
1756 2653 1853 2713 vel
1916 2673 1952 2710 a
2013 2649 2311 2709 Germano
2376 2649 2887 2708 Autissiodorensi
2948 2683 2956 2691 ·

638 2741 947 2800 suffectum
994 2759 1118 2798 esse
1166 2741 1227 2797 in
1273 2741 1468 2800 locum
1515 2741 1799 2814 Palladii,
1862 2741 2084 2819 quippe
2140 2741 2244 2816 qui
2297 2741 2519 2799 infecta
2579 2759 2643 2797 re
2690 2759 2885 2798 rever·

636 2830 823 2888 tisset.
918 2827 1094 2900 Quod
1140 2828 1192 2885 si
1237 2828 1324 2886 ita
1369 2835 1539 2902 esset,
1587 2831 1784 2901 nobie,
1845 2835 1905 2887 et
1952 2830 2090 2904 quia
2138 2828 2507 2886 Coelestinus
2553 2848 2670 2886 uno
2728 2847 2883 2886 anno

636 2923 774 2996 post
819 2916 1061 2974 missum
1106 2915 1442 2974 Palladium
1489 2939 1520 2974 e
1567 2919 1695 2976 vita
1742 2917 1890 2975 exiit
1936 2923 1998 2975 et
2044 2917 2185 2992 quia
2215 2917 2515 2976 Patricius
2562 2937 2717 2975 anno
2758 2919 2883 2991 jam

639 3003 767 3066 432
825 3005 890 3081 (i.
945 3023 994 3062 e.
1051 3002 1306 3062 secundo
1361 3005 1520 3082 regis
1574 3005 1824 3082 Logairi
1857 3009 2061 3082 ¹anno)
2118 3005 2181 3063 in
2236 3005 2593 3064 Hiberniam
2652 3006 2885 3064 venisse

635 3095 899 3154 traditur
931 3097 1154 3172 (annot.
1188 3092 1420 3151 Tirech.
1450 3095 1703 3152 Betham
1736 3094 1806 3152 II
1837 3115 1972 3174 app.
2003 3115 2062 3172 p.
2094 3093 2305 3170 XIX),
2352 3096 2684 3172 putandum
2731 3099 2885 3153 esset

635 3183 974 3244 Palladium
1029 3203 1102 3240 ne
1158 3203 1340 3240 unum
1387 3184 1625 3259 quidem
1671 3183 1973 3261 integrum
2030 3203 2250 3242 annum
2301 3183 2363 3241 in
2409 3184 2705 3242 Hibernia
2760 3203 2882 3241 mo·

637 3281 835 3334 ratum
900 3293 1040 3333 esse.
1134 3273 1308 3347 Quod
1370 3293 1504 3330 cum
1565 3273 1803 3332 minime
1876 3273 2130 3350 quadret
2187 3273 2473 3350 Prosperi
2535 3272 2883 3344 narrationi,

637 3383 813 3439 quam
870 3363 1012 3422 vitis
1066 3362 1183 3420 fide
1239 3362 1569 3438 digniorem
1625 3383 1753 3423 esse
1814 3383 1982 3422 nemo
2030 3367 2211 3440 negat
2258 3362 2400 3438 (vid.
2432 3382 2615 3440 supra
2654 3383 2713 3440 p.
2749 3361 2883 3439 31),

637 3452 748 3510 hac
794 3451 1025 3509 ratione
1073 3451 1340 3527 quaestio
1389 3453 1539 3512 solvi
1585 3473 1705 3512 non
1752 3457 1968 3529 potest.

816 3539 1091 3598 Alteram
1139 3541 1325 3618 igitur
1371 3542 1801 3612 examinen1u8‚
1848 3539 2079 3598 Varini.
2171 3537 2433 3597 Varinus
2481 3538 2637 3596 enim
2683 3537 2881 3597 Palla-

638 3630 800 3688 dium
848 3648 1050 3687 eorum
1097 3628 1424 3702 Scotorum,
1474 3631 1575 3706 qui
1621 3629 1685 3686 in
1731 3627 2058 3686 Albaniam
2105 3628 2695 3704 transmigraverant,
2742 3647 2882 3704 apo·

637 3719 854 3776 stolum
908 3718 1090 3776 fuisse
1145 3723 1346 3795 putat,
1415 3718 1745 3777 Patricium
1812 3715 2125 3776 Scotorum
2185 3717 2515 3776 Hiberniae
2570 3719 2767 3794 (mem.
2825 3718 2883 3788 2,

636 3829 693 3886 p.
742 3808 864 3866 123
909 3809 1082 3884 sqq.).
1187 3805 1278 3866 At
1337 3806 1503 3866 Scoti
1561 3806 1783 3882 ubique
1830 3812 1906 3864 'et
1963 3807 2231 3884 proxime
2300 3807 2684 3884 intellegendi
2744 3811 2885 3864 sunt

636 3896 966 3956 Hiberniae
1013 3897 1240 3956 insulae
1287 3896 1542 3966 incolae,
1588 3916 1782 3972 neque
1830 3896 2117 3956 affirmari
2162 3903 2365 3973 potest
2408 3896 2689 3972 Prosperi
2736 3901 2881 3954 tem·

635 3987 880 4064 poribus
947 3986 1182 4044 omnino
1241 3985 1303 4041 in
1365 3981 1632 4042 Albania
1691 3984 1901 4044 Scotos
1965 3988 2093 4061 jam
2152 3985 2334 4044 fuisse
2394 3988 2579 4061 (supr.
2636 4005 2695 4060 p.
2754 3985 2883 4058 29).

636 4075 962 4135 Praeterea
1017 4073 1390 4132 manifestum
1437 4078 1528 4132 est
1584 4095 1657 4131 ex
1714 4075 1998 4152 Prosperi
2051 4073 2251 4133 verbis
2303 4072 2486 4144 „dum
2540 4069 2885 4132 Romanam

635 4161 893 4223 imulam
937 4161 1124 4222 studet
1165 4179 1408 4220 servare·
1449 4159 1792 4223 catholicam
1838 4160 1989 4244 fecit
2042 4161 2216 4222 etiam
2258 4160 2579 4221 barbaram
2620 4157 2879 4220 christia-

636 4260 822 4311 nam“
881 4254 1088 4329 (supra
1149 4271 1205 4328 p.
1259 4251 1368 4326 31)
1429 4250 1793 4331 Prosperum
1852 4249 2165 4313 Romanae
2226 4252 2452 4310 insulae
2512 4250 2882 4323 Britanniae,

640 4345 808 4415 cujus
869 4361 1008 4418 pars
1069 4345 1198 4398 erat
1258 4339 1437 4398 etiam
1499 4341 1628 4418 ipsa
1690 4341 1981 4415 Albania,
2052 4343 2301 4400 alteram
2357 4339 2699 4418 opposuisse
2745 4341 2883 4398 bar·

923 4507 952 4524 O
