3259 5084
1515 256 1994 313 -106—

634 430 970 492 Perfectior
1000 453 1142 510 ergo
1173 432 1300 493 vita
1346 433 1745 505 eremitarum,
1792 433 1894 493 sed
1923 433 2135 491 melior
2163 452 2232 491 ac
2263 432 2502 510 quidem
2533 433 2897 513 disciplinae

636 541 814 580 causa
874 521 1003 581 vita
1058 520 1421 581 coenobialis
1464 520 1784 581 videbatur
1843 542 1970 581 esse
2030 520 2372 582 Columbae.
2463 522 2539 581 In
2586 524 2898 584 coenobiis

634 610 823 686 igitur
882 610 1155 669 monachi
1216 613 1343 686 ejus
1390 610 1676 670 vivebant
1719 610 1877 671 votis
1936 610 2233 689 impediti,
2303 612 2620 686 quominus
2681 612 2896 673 invitis

637 698 957 758 abbatibus
1003 699 1259 775 primum
1306 698 1710 759 conversionis
1752 700 1946 757 locum
1989 700 2410 775 relinquerent.
2480 699 2566 759 Et
2611 708 2896 760 votorum

634 806 789 864 quae
837 793 968 846 erat
1012 786 1145 847 vis?
1213 786 1400 846 Irrita
1445 788 1575 846 fieri
1622 793 1930 865 poterant,
1991 808 2154 860 nam,
2215 787 2323 864 qui
2381 788 2721 865 corrigendi
2767 810 2895 849 non

638 882 837 948 erant,
908 895 1007 935 eos
1057 896 1176 935 non
1234 876 1410 935 aliter
1450 882 1634 953 atque
1680 876 2042 935 Benedictus
2089 876 2460 935 cassinensis
2507 879 2655 955 (reg.
2705 900 2753 935 c.
2807 880 2894 937 28

635 966 911 1037 Holsten,
958 964 1086 1023 cod.
1116 985 1240 1042 reg.
1272 963 1358 1037 ΙΙ,
1390 986 1447 1043 Ρ.
1484 966 1566 1023 35
1605 999 1684 1009 -
1721 983 2033 1043 perperam
2063 965 2240 1023 aliter
2269 962 2599 1038 Ebrardus,
2643 988 2706 1045 p.
2741 968 2896 1040 233,

637 1054 709 1112 cf.
764 1054 889 1112 196
933 1055 1048 1131 sq.)
1096 1053 1170 1111 de
1214 1054 1466 1112 fratrum
1512 1054 1756 1113 cohorte
1799 1054 2090 1113 removeri
2129 1053 2326 1129 jussit,
2373 1054 2480 1114 sed
2523 1054 2638 1113 nisi
2687 1055 2751 1113 in
2799 1076 2895 1115 re-

636 1141 945 1201 movendis
974 1148 1119 1200 vota
1148 1141 1408 1201 rescindi
1453 1162 1573 1201 non
1619 1147 1916 1220 poterant.
1978 1142 2132 1202 Nam
2178 1142 2230 1201 si
2275 1142 2587 1211 monachis,
2625 1142 2895 1203 licuisset

636 1250 743 1291 sua
790 1236 1003 1309 sponte
1047 1232 1299 1289 fratrum
1345 1231 1440 1289 vel
1496 1250 1765 1290 sororum
1825 1230 2166 1289 societatem
2223 1232 2578 1309 relinquere,
2635 1266 2726 1277 -—-
2788 1252 2899 1291 cur

636 1320 790 1378 duae
844 1318 980 1377 illae
1034 1317 1320 1395 virgines,
1390 1318 1464 1379 de
1520 1319 1738 1397 quibus
1781 1319 1973 1379 Jonas
2026 1318 2386 1378 mentionem
2439 1321 2584 1380 fecit
2640 1321 2706 1379 in
2762 1322 2897 1382 vita

636 1406 1133 1484 Burgundofarae
1180 1409 1253 1482 (c.
1292 1407 1390 1480 15,
1435 1429 1493 1484 p.
1527 1409 1704 1485 446),
1752 1409 1902 1467 clam
1947 1428 2010 1467 se
2055 1408 2505 1467 subduxerunt?
2797 1482 2809 1491 .

814 1496 893 1554 In
936 1495 1029 1555 his
1076 1495 1269 1554 adhuc
1314 1496 1464 1555 nihil
1510 1496 1825 1557 Scotorum
1871 1497 2195 1575 proprium.
2286 1498 2378 1557 Ne
2434 1497 2700 1576 duplicia
2759 1499 2894 1577 qui-

636 1585 773 1644 dem
833 1584 1195 1644 monasteria
1255 1584 1568 1645 Scotorum
1622 1586 1870 1664 propria
1926 1584 2106 1645 fuisse
2151 1585 2449 1644 videntur.
2539 1586 2897 1647 Invenimus

638 1694 708 1734 ea
754 1673 819 1732 in
863 1672 1207 1745 Britannia,
1268 1673 1655 1734 inveniuntur
1701 1675 1880 1733 etiam
1937 1673 2100 1752 apud
2143 1672 2471 1734 Columbae
2530 1675 2724 1735 socios
2787 1677 2898 1735 sed

620 1762 883 1836 rariora,
926 1768 997 1821 ut
1043 1762 1271 1840 opinor,
1322 1784 1498 1840 quam
1544 1763 1858 1822 Ebrardus
1904 1765 1986 1841 (p.
2023 1763 2150 1821 203
2183 1765 2339 1840 sqq.)
2385 1768 2471 1847 et,
2535 1764 2636 1841 qui
2685 1765 2750 1823 in
2797 1764 2896 1825 his

637 1851 815 1910 fidem
871 1851 959 1909 illi
1013 1851 1250 1923 habuit,
1319 1851 1689 1929 Loeningius
1735 1851 1854 1927 (II,
1901 1872 1959 1929 p.
1993 1852 2148 1929 430)
2209 1850 2489 1910 videntur
2549 1872 2662 1931 pro
2722 1860 2894 1913 certo

638 1939 884 2013 habere,
946 1959 1083 1998 nam
1133 1960 1207 1997 ex
1252 1940 1327 1999 iis
1370 1941 1772 2013 monasteriis,
1835 1960 1986 2016 quae
2041 1961 2078 1999 a
2137 1940 2310 1999 sociis
2363 1941 2458 1999 vel
2519 1940 2727 1999 amicis
2773 1940 2895 2001 Oo-

638 2029 877 2088 lumbae
922 2028 1163 2087 condita
1207 2035 1363 2102 sunt,
1411 2030 1538 2089 sola
1584 2029 1754 2102 haec,
1801 2028 1919 2087 nisi
1965 2029 2165 2101 fallor,
2211 2028 2474 2108 duplicia
2521 2037 2720 2088 erant:
2770 2050 2898 2089 mo-

638 2117 965 2177 nasterium
995 2117 1041 2176 J
1040 2117 1212 2175 orani
1242 2118 1461 2177 montis
1507 2119 1606 2194 (cf.
1637 2118 2112 2189 Montalembert,
2157 2117 2246 2175 les
2289 2117 2513 2177 moines
2558 2117 2900 2181 d'oc-cident

637 2205 727 2278 H,
770 2226 829 2282 p.
864 2206 1011 2277 597,
1058 2204 1267 2279 Varin‚
1315 2213 1485 2265 mem.
1536 2208 1592 2279 2,
1640 2228 1697 2284 p.
1737 2207 1908 2281 181),
1953 2205 2569 2265 Faraemonasterium
2617 2207 2897 2282 (Montal.

638 2316 697 2373 p.
746 2295 901 2367 614,
949 2293 1143 2353 Varin
1188 2294 1225 2354 1.
1274 2297 1367 2371 c.)‚
1426 2294 1727 2354 Habenda
1785 2295 2057 2370 (Montal.
2113 2316 2171 2372 p.
2221 2296 2393 2371 631),
2462 2296 2898 2355 monasterium

638 2383 943 2443 Dervense
991 2382 1263 2457 (Montal.
1307 2405 1367 2462 p.
1402 2384 1549 2457 611,
1596 2384 1669 2442 cf.
1710 2382 1986 2459 Loening
2016 2382 2101 2456 H,
2149 2404 2206 2460 p.
2239 2383 2362 2441 431
2401 2390 2524 2443 not.
2562 2384 2645 2461 2).
2740 2385 2895 2443 Pro-

638 2470 777 2550 pria
802 2492 944 2531 vero
974 2470 1285 2531 Scotorum
1332 2472 1515 2531 fuisse
1560 2471 1902 2547 hujusmodi
1947 2472 2306 2530 monasteria
2337 2471 2484 2530 mihi
2522 2474 2893 2550 persuadere

638 2580 758 2619 non
803 2562 993 2637 potui.
1055 2560 1271 2619 Varini
1316 2561 1491 2634 enim,
1537 2561 1642 2639 qui
1689 2564 1884 2636 (mem.
1919 2562 1976 2633 2,
2022 2581 2081 2638 p.
2119 2560 2493 2637 165—204)
2541 2562 2723 2638 primi
2764 2565 2896 2638 jam

638 2650 816 2726 hujus
861 2648 1097 2725 generis
1140 2649 1205 2707 in
1250 2648 1451 2708 Gallia
1497 2649 1872 2721 monasterii,
1931 2648 2330 2723 Pictavensis,
2393 2650 2592 2709 medio
2653 2652 2896 2710 saeculo

640 2744 807 2798 sexto
854 2758 891 2795 a
934 2736 1307 2813 Radegunde
1361 2738 1567 2814 regina
1613 2736 1865 2809 conditi,
1925 2737 2216 2813 originem
2270 2758 2306 2795 a
2361 2736 2558 2798 Scotis
2611 2745 2894 2816 repeten-

640 2827 777 2885 dam
833 2846 959 2885 esse
1014 2824 1267 2895 censuit,
1328 2832 1682 2902 argumenta
1736 2825 2008 2884 doctiora
2055 2845 2231 2901 quam
2287 2826 2650 2904 simpliciora
2697 2848 2895 2903 neque

638 2913 787 2972 mihi
832 2932 1051 2989 neque,
1111 2919 1181 2971 ut
1225 2913 1488 2984 videtur,
1534 2914 1868 2990 Loeningio
1914 2912 2026 2989 (ΙΙ,
2073 2934 2132 2990 p.
2166 2914 2320 2990 430)
2368 2915 2442 2973 de
2488 2915 2600 2975 hac
2641 2935 2707 2973 re
2751 2936 2893 2991 per·

641 2994 889 3061 suadere
934 3005 1275 3079 potuerunt.
1336 3003 1490 3063 Nam
1538 3022 1669 3061 cum
1718 3021 1940 3059 morem
1987 3002 2152 3059 illum
2198 3002 2264 3059 in
2309 3003 2539 3063 oriente
2585 3002 2888 3063 exstitisse

641 3096 889 3163 constet,
934 3089 1092 3149 unde
1138 3109 1272 3148 eum
1318 3090 1381 3148 in
1412 3090 1768 3149 Hiberniam
1817 3095 1878 3148 et
1922 3091 1985 3148 in
2031 3088 2388 3166 Hispaniam
2431 3092 2665 3167 (Varin,
2713 3100 2891 3152 mem.

643 3183 699 3253 2,
747 3201 805 3258 p.
859 3180 1013 3255 170)
1058 3185 1449 3238 transmeasse
1497 3199 1686 3255 neque
1733 3178 1996 3238 Varinus
2040 3178 2314 3255 negavit,
2383 3200 2896 3259 supervacaneum

640 3288 767 3327 esse
813 3268 1055 3327 videtur
1112 3266 1437 3344 duplicium
1496 3267 1559 3325 in
1606 3266 1808 3326 Gallia
1867 3266 2361 3326 monasteriorum
2421 3268 2714 3345 originem
2778 3271 2895 3329 cir-

641 3355 899 3415 cuitione
959 3355 1215 3432 quadam
1276 3377 1312 3414 a
1372 3356 1567 3415 Scotis
1624 3362 1912 3433 repetere.
2003 3355 2351 3429 Praeterea,
2422 3357 2534 3417 etsi
2596 3378 2896 3436 ponamus

640 3442 1015 3503 Fridolinum
1027 3487 1041 3516 ‚
1104 3442 1374 3515 Scotum,
1434 3464 1646 3503 revera
1689 3444 2030 3503 Pictavium
2075 3445 2441 3522 pervenisse,
2511 3452 2714 3506 tamen
2763 3448 2898 3508 sine

642 3530 825 3589 dubio
878 3531 1100 3589 saeculi
1159 3532 1313 3590 sexti
1370 3533 1740 3609 temporibus
1803 3531 2116 3591 Scotorum
2177 3533 2240 3590 in
2300 3532 2502 3593 Gallia
2561 3536 2899 3597 auctoritas

640 3625 815 3679 tanta
858 3637 978 3676 non
1025 3626 1171 3692 erat,
1216 3626 1287 3678 ut
1330 3640 1551 3678 morem
1592 3640 1838 3697 prorsus
1866 3637 2084 3679 novum
2117 3624 2178 3678 et
2207 3620 2543 3681 inauditum
2591 3624 2654 3682 in
2688 3624 2897 3685 Gallia

624 3706 993 3765 inducerent
1037 3724 1286 3783 eumque
1330 3709 1537 3781 talem,
1600 3712 1766 3784 cujus
1809 3708 1941 3785 ipsa
1985 3713 2201 3767 natura
2244 3709 2520 3769 idoneam
2565 3714 2896 3792 reprehen-

640 3795 825 3855 sionis
867 3814 1075 3853 ansam
1118 3795 1279 3854 ultro
1325 3796 1641 3872 praeberet
1683 3796 2140 3873 impugnaturis.
2230 3796 2441 3873 Neque
2497 3800 2704 3859 eadem
2761 3809 2899 3862 erat

625 3883 804 3961 apud
836 3881 1045 3942 Scotos
1090 3882 1443 3942 instituendi
1474 3878 1835 3942 monasteria
1866 3883 2128 3963 duplicia
2158 3885 2314 3943 ratio
2345 3893 2526 3964 atque
2572 3889 2634 3947 in
2669 3888 2897 3949 Gallia.

640 3970 828 4049 Apud
860 3969 1073 4031 Scotos
1104 3971 1259 4028 enim
1288 3991 1411 4029 una
1453 3972 1760 4031 abbatissa
1805 3979 1868 4030 et
1911 3991 2177 4031 sororum
2224 3979 2288 4032 et
2330 3976 2586 4033 fratrum
2635 3979 2897 4057 collegio

639 4066 918 4139 praeerat
963 4060 1062 4135 (cf.
1093 4078 1274 4135 supra
1302 4079 1363 4136 Ρ.
1398 4059 1526 4135 81),
1574 4054 1646 4117 in'
1669 4058 1870 4119 Gallia
1913 4060 2116 4137 priora
2159 4063 2498 4137 hujusmodi
2528 4070 2899 4128 monasteria

640 4155 703 4208 et
748 4148 1007 4227 primum
1066 4140 1306 4223 quidem
1364 4148 1789 4207 monasterium
1834 4148 2191 4208 Pictavense
2250 4152 2574 4229 separatim
2636 4156 2894 4215 admini-

641 4244 836 4297 strata
884 4236 996 4295 nisi
1041 4235 1303 4295 locorum
1348 4236 1802 4312 propinquitate
1849 4237 2123 4313 copulata
2185 4245 2246 4297 et
2306 4239 2366 4297 in
2423 4258 2608 4300 unum
2671 4264 2893 4323 corpus

624 4329 959 4400 -conjuncta
1005 4343 1123 4381 non
1170 4329 1365 4397 erant,
1427 4325 1824 4401 posteriorum
1879 4326 2162 4384 nonnulla
2207 4332 2276 4385 ut
2321 4327 2629 4390 Dervense
2675 4331 2768 4391 ita
2815 4335 2898 4393 ab
