3259 5084
1291 235 1729 294 -23-

395 413 590 490 (Beda
633 413 690 470 h.
731 433 780 471 e.
819 415 872 487 1,
907 415 988 472 27
1023 415 1058 491 ἓ
1094 412 1220 490 65).
1311 413 1519 490 Neque
1563 413 1839 490 ignorare
1886 414 2083 492 potuit
2131 413 2454 492 Gregorius
2500 417 2637 476 Bri·-

393 509 564 561 tones
626 522 928 579 nunquam
973 502 1138 580 genti
1187 501 1490 560 Saxonum
1537 523 1668 560 cum
1726 502 1871 580 ipsis
1924 493 2301 564 Britanniam
2356 505 2641 568 incolenti

393 593 642 652 verbum
687 589 826 649 fidei
870 590 1268 676 praedicando
1325 590 1683 650 commisisse
1744 591 1937 668 (Beda
1982 593 2037 654 h.
2086 614 2133 652 e.
2189 595 2244 667 1,·
2291 595 2372 652 22
2424 597 2459 672 ἓ
2511 596 2636 673 50).

571 679 749 738 Hane
793 681 984 758 ipsam
1032 681 1107 738 ob
1157 701 1391 740 causam
1439 679 1845 756 Augustinum
1892 677 2187 762 adJutorio
2230 703 2405 744 usum
2436 681 2635 746 Aedib

393 768 570 830 bereti
600 765 1060 829 Cantuaviomm
1103 767 1254 850 φορεῖς
1301 787 1639 828 convocasse
1680 768 1766 828 ad
1811 767 2163 852 colloquium
2192 771 2493 853 episcopos
2524 772 2639 834 sive

393 858 653 919 doctores
708 854 1028 938 prooeimae
1086 854 1410 918 Britonum
1463 856 1808 938 provinciae
1870 859 2043 920 testis
2104 867 2194 919 est
2247 861 2415 921 Beda
2461 863 2541 938 (h.
2590 884 2636 922 e.

396 951 453 1022 2,
503 951 539 1006 2
593 949 627 1025 ἓ
679 949 789 1024 91)
835 947 1004 1025 isque
1049 947 1163 1006 fide
1211 947 1443 1024 dignus.
1533 947 1719 1021 Nam,
1766 949 1817 1007 si
1863 949 2037 1026 longe
2083 949 2217 1010 aliis
2262 952 2438 1010 rebus
2485 971 2637 1011 com·

393 1043 588 1096 motus
635 1041 791 1096 esset
835 1035 1238 1114 Augustinus,
1285 1043 1353 1094 ut
1399 1043 1605 1113 ageret
1650 1057 1785 1094 cum
1830 1037 2209 1112 Britonibus,
2256 1045 2455 1098 tamen
2500 1060 2637 1117 pru-

393 1126 588 1204 dentis
634 1126 844 1184 fuisset
886 1126 950 1184 in
997 1126 1287 1201 colloquio
1335 1125 1472 1184 inde
1517 1145 1843 1184 sermonem
1886 1127 2117 1200 ducere,
2166 1128 2325 1204 quod
2357 1127 2637 1189 Britones

391 1215 456 1274 in
503 1213 912 1275 convertendis
959 1215 1034 1276 ad
1083 1214 1464 1274 christianam
1509 1213 1686 1273 fidem
1719 1213 2053 1274 Saxonibus
2098 1217 2359 1275 nondum
2404 1219 2636 1279 labora·-

393 1304 634 1376 vissent,
683 1309 864 1379 atque
911 1304 1157 1362 eandem
1203 1304 1322 1362 vim
1369 1303 1594 1362 habent
1638 1304 1839 1378 verba,
1886 1325 2039 1381 quae
2071 1305 2351 1365 Britones
2396 1317 2634 1385 respon·

392 1393 636 1466 derunt,
699 1392 822 1450 sive
869 1393 1098 1452 sincera
1143 1393 1260 1452 fuit
1307 1391 1432 1452 sive
1477 1393 1755 1452 simulata
1800 1392 2130 1471 Augustini
2175 1413 2283 1472 pro
2330 1395 2637 1473 evangelio

393 1481 620 1541 Christi
677 1501 835 1540 cura.
923 1483 1258 1543 Noluerunt
1314 1481 1469 1540 enim
1531 1502 1651 1540 una
1714 1503 1845 1542 cum
1900 1482 2245 1560 Augustino
2302 1483 2637 1544 Saxonibus

392 1571 642 1630 verbum
687 1569 932 1629 Domini
977 1571 1324 1650 praedicare
1371 1571 1564 1647 (Beda
1594 1571 1651 1630 h.
1685 1592 1730 1629 e.
1768 1573 1825 1644 2,
1861 1573 1897 1628 2
1932 1573 1968 1649 ξ
2006 1573 2131 1650 93).
2194 1573 2327 1646 Qua
2358 1573 2429 1632 de
2462 1595 2639 1634 causa

391 1659 748 1719 noluerunt?
817 1659 1065 1720 Famam
1110 1660 1423 1738 perhibere
1455 1660 1733 1719 Britones
1778 1661 2059 1738 superbia
2091 1661 2423 1738 Augustini
2450 1663 2637 1722 iratos

393 1769 518 1808 esse
565 1749 758 1825 (Beda
788 1748 846 1806 h.
881 1770 928 1808 e.
964 1751 1022 1822 2,
1058 1751 1094 1806 2
1129 1751 1164 1826 ᾗ
1199 1749 1308 1825 93)
1355 1770 1526 1808 nemo
1573 1755 1683 1822 est,
1730 1749 1833 1826 qui
1878 1751 2119 1811 nesciat.
2196 1750 2315 1810 Sed
2362 1752 2413 1811 si
2458 1771 2633 1829 pone-

393 1859 588 1898 remus
619 1858 828 1898 revera
860 1839 1058 1898 omnia
1088 1838 1176 1897 ita
1210 1857 1334 1896 esse
1383 1844 1531 1911 acta,
1578 1845 1649 1898 ut
1692 1841 1852 1897 fama
1898 1839 2189 1917 perhibet,
2237 1840 2459 1900 nemini
2502 1861 2633 1918 per-

395 1928 743 1987 suaderetur
802 1948 1040 1986 causam
1095 1927 1384 1986 renuendi
1430 1949 1466 1986 a
1511 1927 1790 2004 superbia
1843 1928 1948 1986 illa
1992 1929 2310 2005 repetitam
2356 1951 2393 1988 a
2437 1928 2634 2014 Brito-

398 2017 572 2075 nibus
613 2017 1029 2095 interpositam
1077 2035 1196 2076 non
1243 2037 1386 2076 esse.
1478 2015 1645 2088 Quae
1692 2016 1931 2076 tandem
1980 2023 2109 2076 erat
2154 2018 2369 2078 causa?

579 2104 721 2164 Tria
791 2127 922 2166 cum
993 2104 1370 2183 Augustinus
1438 2105 1715 2164 tradatur
1784 2107 2110 2183 postalasse
2172 2127 2207 2164 a
2265 2107 2635 2182 Britonibus,

395 2194 674 2272 primum,
721 2203 786 2255 ut
825 2191 1048 2275 pascha
1092 2215 1199 2254 suo
1243 2203 1498 2276 ternpore
1542 2190 1915 2271 celebrarent,
1971 2199 2099 2254 tum
2144 2204 2210 2254 ut
2254 2194 2636 2257 ministerium

393 2281 736 2363 baptizandi
764 2281 944 2365 juata
987 2303 1212 2344 morem
1256 2292 1486 2344 sanctae
1533 2280 1843 2344 Romanae
1888 2291 1940 2344 et
1983 2283 2329 2364 apostolicae
2372 2282 2635 2346 ecclesiae

391 2369 768 2453 complerent,
833 2373 1088 2451 denique
1142 2381 1206 2432 ut
1253 2372 1411 2454 qemi
1460 2369 1801 2454 Anylorum
1852 2392 1973 2432 una
2026 2393 2161 2432 cum
2212 2372 2356 2456 speie
2399 2372 2636 2433 verbum

391 2457 646 2522 Domini
661 2460 1081 2542 praedicarent
1111 2463 1306 2539 (Beda
1335 2463 1372 2520 1.
1405 2464 1495 2539 c.)‚
1545 2461 1779 2522 exsistit
1810 2463 2097 2538 quaestio,
2127 2468 2329 2522 utrum
2353 2462 2633 2522 Britones

391 2551 641 2610 tertium
687 2552 835 2609 illud
894 2551 1223 2626 renuerint,
1287 2552 1427 2628 quia
1481 2551 1684 2628 priora
1737 2552 1931 2610 facere
1978 2552 2321 2624 noluerunt,
2383 2571 2473 2610 an·
2506 2551 2631 2611 vice

393 2660 564 2698 versa
608 2639 755 2698 haec
801 2639 918 2700 duo
963 2642 1284 2714 renuerint,
1333 2641 1473 2718 quia
1518 2640 1669 2699 illud
1712 2639 2193 2718 repudiaverunt.

577 2727 710 2788 Aut
753 2728 864 2787 hoc
909 2735 1016 2788 aut
1059 2729 1206 2789 illud
1250 2729 1665 2790 affirmandum
1713 2737 1818 2788 est.
1909 2729 1965 2787 Ii
2013 2729 2194 2802 enim,
2241 2729 2345 2806 qui
2388 2729 2634 2788 tertium

395 2817 637 2895 aliquod
681 2817 798 2878 sibi
842 2817 1075 2900 fingunt
1121 2819 1488 2880 affirmantes
1532 2818 1813 2889 Britones
1870 2819 2090 2897 quippe
2141 2819 2358 2878 liberos
2412 2819 2631 2897 princi·

393 2913 541 2985 patu
571 2907 828 2967 Romani
872 2907 1170 2986 pontificis
1201 2909 1459 2969 noluisse
1503 2929 1568 2968 se
1615 2907 1909 2983 subjicere
1938 2908 2343 2968 Romanorum
2374 2907 2632 2968 dominio

401 3031 472 3038 —
528 2998 624 3056 vel
668 2997 889 3074 quippe
944 3017 1156 3075 puram
1215 2998 1508 3076 evangelii
1561 2997 1892 3057 doctrinam
1949 2997 2235 3056 habentes
2290 2997 2633 3076 repudiasse

382 3087 858 3146 communionem
893 3108 1025 3146 cum
1057 3088 1302 3146 ecclesia
1333 3086 1643 3160 catholica,
1674 3086 2051 3148 vehementer
2080 3093 2295 3146 errant.
2357 3085 2635 3146 Alteram

392 3175 554 3234 illam
607 3177 818 3234 falsam
875 3176 1212 3254 opinionem
1269 3176 1504 3249 omitte,
1575 3197 1713 3234 nam
1769 3175 2087 3236 Britonum
2150 3175 2455 3235 ecclesiam
2517 3174 2633 3234 fide

395 3284 766 3342 nequaquam
827 3264 1172 3324 dissensisse
1235 3267 1310 3324 ab
1371 3265 1606 3324 unitate
1668 3264 1983 3338 catholica,
2054 3264 2199 3324 satis
2246 3285 2277 3323 e
2334 3264 2633 3342 prioribus

393 3360 648 3433 apparet
713 3374 905 3430 neque
968 3373 1118 3431 opus
1187 3359 1279 3412 est
1337 3354 1618 3430 colligere
1679 3354 2019 3413 testimonia
2079 3374 2151 3412 ex
2210 3353 2397 3431 ipsius
2456 3354 2634 3430 hujus

391 3442 607 3502 tertiae
653 3443 870 3502 aetatis
917 3442 1322 3520 scriptoribus.
1397 3443 1576 3502 Prior
1621 3446 1823 3500 autem
1868 3442 1969 3502 illa
2014 3442 2313 3502 sententia
2360 3443 2534 3504 claris
2565 3463 2633 3502 ac

393 3533 586 3610 planis
631 3531 990 3591 testimoniis
1038 3532 1140 3591 vix
1183 3532 1436 3592 refutari
1481 3536 1712 3610 potest,
1777 3551 1885 3590 nec
1944 3536 2143 3590 tamen
2204 3532 2447 3596 dubium
2510 3552 2633 3592 esse

393 3626 616 3697 potest,
679 3621 821 3697 quin
877 3622 1027 3680 falsa
1083 3621 1186 3695 sit,
1251 3642 1591 3699 quanquam
1648 3621 1773 3698 ipse
1820 3620 2167 3680 Warrenius
2214 3623 2297 3699 (p.
2346 3623 2427 3678 29
2474 3623 2633 3698 sqq)

391 3709 532 3768 huic
587 3710 915 3772 sententiae
971 3710 1208 3771 videtur
1261 3713 1480 3770 favere.
1571 3709 1951 3788 Argumenta
2014 3709 2169 3768 enim
2228 3729 2347 3768 non
2403 3710 2634 3770 desunt.

392 3779 547 3860 Nam
578 3799 804 3877 primae
837 3800 1050 3860 aetatis
1079 3799 1398 3858 Britonum
1431 3800 1737 3860 ecclesiam
1766 3798 1899 3877 pari
1940 3799 2112 3858 modo
2158 3804 2338 3876 atque
2384 3799 2633 3858 aliarum

395 3889 834 3967 provinciarum
868 3889 1142 3948 ecclesias
1165 3888 1472 3949 Romanae
1505 3889 1781 3948 ecclesiae
1812 3888 2087 3966 episcopo
2134 3889 2357 3966 primas
2402 3888 2633 3946 dedisse

391 3977 768 4038 manifestum
837 3983 942 4037 est.
1049 3976 1151 4036 An
1215 3981 1350 4054 jure
1407 3977 1759 4037 Warrenius
1829 3979 1909 4055 (p.
1978 3977 2059 4036 30
2122 3980 2304 4054 sqq.),
2376 3974 2634 4035 Schoelii

391 4067 623 4126 nescius
675 4066 931 4143 vestigia
991 4071 1224 4126 secutus
1287 4066 1460 4125 fidem
1523 4067 1843 4144 abrogavit
1891 4067 2189 4144 Prospero
2248 4064 2633 4141 Aquitani00‚

395 4156 501 4232 qui
540 4191 615 4198 —
651 4162 888 4234 praeter
933 4157 1124 4214 locum
1168 4156 1335 4214 illum
1364 4176 1454 4214 »ex
1487 4156 1797 4214 annalibus
1830 4155 2143 4215 Cambriae
2176 4173 2357 4231 supra
2386 4154 2632 4212 allatum

392 4246 477 4322 (p.
532 4246 639 4320 12)
688 4248 748 4303 et
793 4249 1033 4322 praeter
1076 4243 1362 4317 Bedam‚'
1393 4245 1496 4322 qui
1551 4244 1624 4303 de
1688 4244 1959 4304 civilibus
2002 4243 2179 4301 rebus
2224 4241 2463 4301 ineunte
2510 4261 2633 4301 sae·

393 4335 524 4392 culo
587 4333 796 4411 quinto
861 4353 994 4391 cum
1053 4332 1341 4394 Romanis
1399 4332 1751 4392 Britonibus
1821 4331 2125 4410 negotium
2194 4331 2375 4390 fuisse
2448 4332 2635 4392 refert
