3259 5084
1323 183 1585 277 -ή89
1677 253 1762 265 .-

607 396 749 475 Ipse
793 396 1070 457 Alfridus
1124 418 1253 470 rex,
1302 397 1569 456 wilfridi
1619 398 1918 468 inimicus,
1980 396 2270 455 nescimus
2331 414 2448 474 quo
2505 412 2660 459 anno

428 478 651 563 (Skene
695 486 791 559 II,
836 507 895 565 p.
950 488 1106 545 171:
1152 486 1309 559 6883
1371 486 1474 545 alii
1522 487 1697 564 703),
1744 486 2100 545 Adamnano
2161 486 2368 545 abbati
2425 484 2662 547 Hiiensi

425 576 747 655 persuasit,
809 581 878 634 ut
941 576 1174 651 abJecto
1234 594 1341 634 suo
1402 576 1740 635 celebrandi
1797 576 1937 635 festi
1978 575 2274 655 paschalis
2318 591 2481 633 more
2527 594 2659 637 eum

424 664 713 725 Romanis
760 664 1103 724 societatem
1150 665 1332 724 iniret
1377 664 1569 741 (Beda
1613 666 1671 723 h.
1719 684 1774 723 e.
1818 664 1874 737 5,
1926 664 2026 736 15,
2073 666 2108 741 ξ
2155 664 2328 739 402).

556 776 562 783 ·
602 754 881 814 Monente
926 770 1068 813 vero
1099 752 1471 813 Adamnano'
1503 754 1760 832 plurima
1803 772 1945 831 pars
1985 752 2297 813 Scotorum
2343 753 2406 810 in
2436 744 2656 813 Hiber·-

422 842 525 901 nia
568 842 1020 921 septentrionali
1067 840 1169 923 (de
1199 842 1562 903 australibus
1591 832 1710 902 vssid.
1741 859 1922 920 supra
1950 863 2009 921 p.
2045 844 2154 918 71)
2195 832 2658 902 ecclesiasticum

421 932 716 1010 paschalis
760 932 1172 992 observantiae
1216 938 1453 1010 tempus
1497 932 1758 1011 suscepit
1787 931 1981 1007 (Beda
2007 931 2066 989 h.
2099 952 2148 989 e.
2182 930 2239 1004 5,
2277 930 2374 1003 15,
2415 932 2452 1008 g
2483 931 2658 1008 402),

422 1020 635 1080 deinde
682 1030 851 1079 'anno
910 1022 1037 1079 710
1100 1020 1399 1080 consecuti
1458 1027 1598 1080 sunt
1651 1010 1815 1079 Picti
1875 1020 1957 1097 (h.
2019 1040 2069 1078 e.
2127 1020 2184 1091 5,
2243 1020 2344 1092 21,
2399 1021 2434 1097 ξ
2481 1020 2656 1095 427),

422 1109 679 1188 denique
714 1128 883 1169 anno
914 1112 1041 1169 716
1092 1111 1188 1187 (cf.
1236 1110 1317 1168 Η.
1364 1110 1482 1169 and
1526 1108 1617 1170 St.
1648 1110 1735 1183 ΙΙ,
1775 1110 1828 1183 1,
1875 1131 1934 1188 p.
1972 1108 2096 1168 115
2142 1115 2264 1167 not.
2297 1111 2355 1185 a)
2402 1109 2658 1167 maxima

424 1217 563 1277 pars
607 1199 1025 1258 monachorum
1072 1198 1409 1259 Hiiensium
1422 1242 1437 1272 ,
1494 1218 1746 1277 quorum
1792 1198 1942 1259 nulli
1987 1197 2102 1259 nisi
2145 1198 2430 1277 perpauci
2473 1193 2654 1257 schis-

420 1294 581 1347 mate
642 1295 787 1347 orto·
833 1288 896 1345 in
954 1289 1086 1367 ipso
1146 1288 1501 1347 monasterio
1562 1287 1784 1365 (Skene
1829 1287 1916 1362 II,
1976 1309 2036 1367 p.
2091 1288 2167 1345 1-7
2176 1286 2241 1363 5)
2293 1290 2418 1363 jam
2478 1294 2656 1347 antea

419 1374 841 1437 Adamnanum
898 1378 1178 1437 abbatem
1232 1378 1419 1437 secuti
1474 1384 1648 1437 erant
1701 1376 1896 1454 (Beda
1939 1377 1996 1434 h.
2041 1398 2091 1435 e.
2141 1376 2198 1449 5,
2248 1377 2350 1449 22,
2397 1377 2433 1454 ς
2481 1376 2656 1451 445).

596 1465 813 1543 Itaque
844 1466 1278 1544 quinquaginta
1310 1466 1479 1525 annis
1509 1473 1648 1544 post
1678 1466 1964 1542 synodum
1997 1464 2653 1525 strenaeshalchensem

418 1560 549 1613 tota
580 1553 895 1614 Britannia
928 1562 989 1615 et
1010 1555 1285 1615 Albania
1316 1562 1377 1615 et
1408 1556 1704 1614 Hibernia
1735 1554 1996 1631 exceptis
2027 1553 2344 1613 Britonum
2383 1553 2653 1631 plurimis

418 1644 561 1719 (vid.
587 1662 766 1721 supra
789 1664 845 1721 p.
872 1643 991 1722 28)
1022 1664 1155 1703 cum
1184 1644 1472 1703 Romanis
1495 1645 1558 1703 in
1581 1643 1759 1702 unius
1790 1642 2068 1702 ecclesiae
2093 1642 2418 1701 catholicae
2440 1661 2654 1719 corpus

418 1732 851 1810 quodammodo
896 1734 1257 1806 coaluerunt,
1306 1766 1383 1776 —
1418 1733 1522 1808 qui
1562 1732 1998 1793 controversiae
2039 1738 2286 1791 eventus
2330 1731 2486 1790 solus
2526 1733 2652 1805 jam

414 1822 587 1880 testis
620 1829 725 1894 est,
773 1823 1046 1881 ecclesias
1076 1822 1479 1880 Romanorum
1512 1826 1575 1881 et
1604 1819 1920 1879 Scotorum
1951 1820 2068 1879 nisi
2097 1819 2476 1879 observantia
2514 1816 2653 1879 festi

416 1910 710 1987 paschalis
755 1916 818 1967 et
860 1915 1107 1967 tonsura
1154 1916 1215 1967 et
1259 1909 1391 1967 aliis
1435 1908 1754 1968 levioribus
1799 1909 2064 1969 diversas
2110 1929 2228 1969 non
2273 1909 2472 1967 fuisse.

597 1996 805 2072 Neque
851 1996 1030 2055 ullius
1077 1997 1153 2055 ad
1198 2002 1461 2057 nostram
1514 2013 1639 2055 rem
1685 1998 1968 2056 momenti
2014 2002 2128 2071 est,
2179 1998 2338 2074 quod
2381 1995 2650 2057 nonnulli

325 2113 331 2122 ·
417 2084 833 2143 monachorum
864 2084 1201 2145 Hiiensium
1232 2086 1412 2145 etiam
1442 2091 1585 2147 tunc
1624 2087 1970 2147 concordiae
2015 2087 2103 2145 ita
2147 2092 2650 2165 repugnaverunt,

415 2178 485 2230 ut
539 2189 695 2233 anno
745 2174 818 2231 71
832 2175 871 2231 8
911 2172 1159 2255 familia
1204 2172 1273 2233 Ie
1316 2176 1354 2233 i.
1402 2195 1450 2233 e.
1508 2175 1797 2249 monachi,
1854 2174 2069 2253 quibus
2119 2196 2252 2235 cum
2297 2176 2648 2235 Hiiensibus

415 2260 747 2322 arctissima
794 2270 925 2322 erat
954 2264 1335 2337 consuetudo,
1383 2264 1523 2341 quia
1552 2285 1758 2343 pacem
1787 2266 2152 2344 respuebant
2195 2273 2359 2325 trans
2404 2265 2649 2325 dorsum

310 2362 315 2367 “
412 2341 767 2433 Britanniae
810 2352 849 2409 i.
904 2372 953 2411 e.
1012 2372 1085 2411 ex
1141 2371 1327 2435 regno
1390 2372 1495 2413 suo
1556 2355 2004 2432 expellerentur
2060 2374 2097 2413 a
2149 2354 2443 2427 Nectano,
2505 2372 2647 2428 rege

410 2437 745 2513 Pictorum,
808 2446 868 2499 et
928 2448 999 2501 ut
1060 2441 1135 2500 ad
1206 2441 1608 2521 accipiendam
1682 2448 1986 2501 tonsuram
2055 2460 2306 2501 coronae
2378 2438 2649 2500 nonnulli

409 2526 753 2587 Hiiensium-
795 2562 883 2573 —-
928 2530 1218 2606 siquidem
1262 2530 1411 2589 fides
1455 2530 1730 2590 habenda
1781 2536 1875 2589 est
1925 2530 2350 2609 posterioribus
2377 2522 2644 2607 'scripto-

408 2614 577 2675 ribus
622 2618 843 2691 (annal.
898 2616 1143 2695 Tigern.
1190 2618 1269 2676 H.
1324 2618 1443 2676 and
1488 2616 1579 2677 St.
1625 2618 1721 2690 H,
1775 2621 1830 2692 1,
1877 2638 1935 2697 p.
1989 2620 2140 2691 114,
2195 2619 2268 2679 cf.
2315 2617 2511 2678 Skene
2559 2618 2646 2689 II,

409 2724 466 2785 p.
516 2704 645 2763 278
706 2706 825 2784 sq.)
886 2738 974 2749 -—
1032 2706 1351 2766 videantur
1408 2724 1535 2765 esse
1609 2708 1672 2767 vi
1730 2708 1933 2769 coacti.
2032 2708 2252 2767 Mirum
2313 2708 2468 2767 enim
2527 2726 2647 2765 non

412 2800 527 2867 est,
591 2794 749 2871 quod
808 2794 1090 2855 Hiienses
1148 2796 1553 2855 Romanorum
1612 2796 1866 2857 studiosi
1925 2817 2044 2856 non
2100 2803 2298 2871 erant,
2358 2808 2495 2856 nam
2539 2796 2646 2857 ubi

410 2883 745 2960 augebatur
772 2883 1179 2944 Romanorum
1211 2884 1551 2959 auctoritas,
1582 2886 1804 2945 ibidem
1835 2886 2197 2947 labefactata
2229 2893 2410 2965 atque
2453 2888 2648 2947 fracta

412 2978 503 3031 est
532 2971 887 3033 Hiiensium.
950 2972 1176 3033 Tamen
1224 2973 1287 3031 in
1331 2974 1632 3035 nonnullis
1670 2975 2000 3035 Hiberniae
2047 2976 2420 3038 monasteriis
2466 2976 2646 3035 etiam

410 3064 621 3135 postea
642 3081 751 3137 per
774 3082 960 3120 annos
982 3062 1107 3121 fere
1145 3063 1268 3121 150
1299 3062 1706 3143 principatum
1739 3064 2032 3143 quendam
2063 3066 2365 3139 tenebant,
2391 3066 2495 3125 sed
2526 3084 2646 3125 non

415 3147 612 3219 talem,
659 3150 895 3223 qualem
941 3157 1119 3209 antea
1166 3151 1271 3227 (H.
1303 3151 1422 3210 and
1453 3150 1542 3211 St.
1574 3152 1661 3224 H,
1701 3155 1754 3227 1,
1785 3175 1845 3233 p.
1884 3154 2283 3229 116—118);
2332 3153 2526 3213 Skene
2556 3152 2645 3227 II,

408 3252 466 3311 p.
487 3234 615 3293 278
634 3238 806 3312 sqq.),
832 3241 892 3295 et
908 3237 1009 3297 vix
1025 3256 1175 3315 opus
1196 3244 1287 3297 est
1310 3257 1781 3314 commemorare,
1807 3242 1966 3319 quod
1989 3240 2148 3301 inter
2169 3260 2370 3303 omnes
2395 3249 2644 3316 constat,

333 3406 337 3410 .
410 3322 647 3383 omnino
678 3322 1082 3383 Romanorum
1114 3326 1186 3385 in‘
1207 3326 1502 3387 Hibernia
1534 3334 1593 3387 et
1624 3330 1888 3388 Albania
1918 3314 2536 3411 principatum'usque
2567 3332 2645 3392 ad

408 3410 629 3471 saeculi
675 3412 1007 3473 duodecimi
1050 3421 1323 3495 tempora
1368 3416 1431 3475 vi
1486 3424 1667 3494 atque
1723 3416 1986 3479 efficacia
2038 3438 2322 3501 persaepe
2367 3422 2643 3481 caruisse.

586 3500 705 3561 Sed
751 3522 883 3561 cum
928 3524 1123 3564 meum
1182 3524 1306 3564 esse
1361 3522 1483 3564 non
1538 3506 1874 3585 putaverim
1928 3509 2086 3568 ultra
2139 3528 2359 3569 annum
2406 3511 2645 3571 circiter

413 3590 448 3646 7
457 3589 535 3648 31
586 3590 897 3650 historiam
942 3594 1241 3671 prosequi,
1286 3604 1605 3673 pergamus
1651 3596 1728 3655 ad
1768 3614 1862 3669 ea,
1909 3615 2060 3675 quae
2103 3604 2349 3659 restant.
2410 3599 2644 3676 Itaque,

406 3683 477 3737 ut
534 3680 885 3757 expleantur
940 3686 1001 3740 et
1057 3682 1501 3759 confirmentur,
1561 3704 1713 3763 quae
1760 3704 1940 3765 supra
1985 3687 2443 3765 disputavimus,
2490 3688 2644 3749 sicut

407 3768 777 3846 propositum
830 3776 936 3844 est,
1771 3795 1778 3803 ·

408 3993 495 4063 de
540 3991 775 4063 Scotis
822 3998 1215 4069 Hiberniae
1259 4001 1337 4065 in
1383 4002 1824 4071 continentis
1855 4004 2082 4073 terris
2113 4008 2638 4089 peregrinanti·

497 4085 667 4165 bue,
726 4085 811 4151 de
850 4085 1193 4154 Columba
1234 4088 1672 4157 Luxoviensi
1721 4092 1796 4159 et
1841 4093 1927 4160 de
1973 4092 2126 4177 ejus
2175 4094 2551 4175 discipulis

410 4211 667 4289 denique
712 4212 884 4272 nobis
916 4212 1319 4275 disserendum
1350 4223 1455 4275 est.
1514 4217 1670 4277 Nam
1703 4238 1832 4279 cum
1872 4220 2317 4297 peregrinantes
2347 4242 2380 4279 e
2409 4222 2640 4298 patriae

409 4317 549 4360 suae
596 4300 659 4359 in
706 4301 985 4361 extremis
1040 4303 1201 4362 orbis
1254 4310 1550 4363 terrarum
1604 4306 1824 4367 finibus
1874 4307 2104 4386 positae
2159 4309 2523 4371 umbraculis
2575 4312 2638 4373 in
