3259 5084
1298 251 1740 307 ...-.63.....

398 436 665 509 potestas
711 450 893 507 penes
942 430 1193 506 synodos
1238 430 1419 489 fuisse
1459 430 1736 489 videatur
1782 430 1884 505 (ib.
1921 430 1976 503 3,
2011 430 2112 503 85,
2144 451 2202 507 p.
2239 432 2410 506 228).
2471 432 2640 490 Haec

398 526 571 580 tanta
617 520 943 578 auctoritas
990 525 1153 577 certo
1202 520 1517 595 singularis
1578 526 1733 591 erat,
1795 540 1903 576 nec
1965 526 2164 577 tamen
2225 520 2494 579 miranda
2550 526 2640 578 est

398 611 488 682 iis,
539 610 642 686 qui
690 610 764 667 ab
810 608 914 666 illo
962 610 1092 686 ipso
1140 609 1497 667 monasterio
1530 608 1768 666 Hiiensi
1815 628 2017 667 omnes
2063 609 2194 668 illas
2241 609 2528 686 regiones,
2577 611 2638 666 in

400 700 615 777 quibus
646 699 1048 776 principatum
1072 698 1334 772 tenebat,
1367 719 1533 756 sacra
1560 698 1882 756 christiana
1907 698 2230 776 suscepisse
2264 698 2326 755 in
2357 699 2638 757 memoria

334 782 341 788 ’
398 788 803 847 custodierint.
2287 780 2294 786 ⁴

578 875 855 935 Alterum
886 876 1051 949 illud,
1102 876 1261 953 quod
1290 876 1421 955 ipsa
1452 875 1646 933 insula
1669 876 1716 934 J
1715 896 1831 935 ona
1861 875 2078 933 habere
2111 876 2338 953 solebat
2369 895 2640 957 semper

401 967 677 1024 abbatem
725 967 1172 1045 presbyterum,
1236 972 1295 1024 et
1357 965 1552 1043 ipsum
1616 964 1913 1041 singulare
1960 964 2138 1023 fuisse
2187 965 2458 1041 equidem
2504 986 2636 1043 per-

400 1075 638 1114 suasum
685 1054 831 1113 mihi
879 1052 1084 1127 habe0,
1132 1056 1245 1113 etsi
1292 1075 1411 1113 non
1456 1074 1608 1130 nego
1657 1074 1748 1111 me
1795 1053 2040 1125 nescire,
2089 1074 2165 1111 an
2213 1054 2357 1111 alibi
2405 1074 2638 1131 quoque

398 1163 897 1223 nonnunquam
957 1144 1203 1202 abbates
1272 1142 1610 1222 presbyteri
1680 1143 1766 1200 ita
1836 1142 2203 1220 praefuerint
2263 1144 2638 1201 monasteriis

401 1234 795 1311 episcopalem
844 1253 1044 1290 curam
1109 1233 1169 1289 in
1232 1252 1339 1291 sua
1401 1231 1646 1309 regione
1705 1231 2076 1307 gerentibus,
2138 1238 2207 1289 ut
2268 1232 2382 1307 ipsi
2447 1252 2638 1309 neque

400 1322 722 1399 episcopali
782 1322 1076 1399 dignitate
1138 1323 1407 1380 exornati
1467 1321 1693 1379 fuerint
1755 1342 1944 1398 neque
2017 1320 2335 1398 episcopali
2397 1338 2638 1380 munere
2729 1340 2736 1346 ·

399 1411 589 1469 functi
636 1410 808 1469 sint.1
898 1410 1190 1470 Attamen
1236 1432 1387 1488 nego
1434 1410 1613 1469 fuisse
1677 1410 1794 1468 alia
1840 1409 2048 1467 similis
2095 1409 2472 1469 auctoritatis
2518 1430 2637 1467 mo-

397 1499 679 1572 nasteria,
728 1499 943 1577 quibus
987 1519 1259 1581 semper
1318 1501 1565 1558 abbates
1626 1499 1962 1577 presbyteri
2009 1505 2367 1575 praeessent.
2459 1498 2638 1557 Certe

399 1589 569 1647 Beda
610 1590 747 1647 huic
788 1595 1025 1648 nostrae
1058 1589 1384 1648 sententiae
1414 1588 1582 1647 favit.
1645 1588 1798 1646 Nam
1831 1608 1960 1646 cum
2003 1588 2182 1647 moris
2213 1588 2370 1646 illius
2402 1608 2638 1645 causam

400 1678 611 1737 afferat
658 1678 991 1755 exemplum
1039 1678 1219 1756 primi
1266 1678 1523 1737 doctoris
1569 1677 1730 1735 illius
1763 1677 2154 1753 (Columbae),
2203 1678 2305 1753 qui
2338 1696 2455 1735 non
2487 1676 2637 1754 epis-

401 1788 579 1845 copus
612 1768 712 1826 sed
746 1754 1127 1844 presbyterus
1160 1768 1459 1827 exstiterit
1490 1772 1550 1825 et
1581 1766 1918 1837 monachus,
1951 1773 2206 1845 apparet
2236 1788 2367 1824 eum
2398 1770 2638 1843 putasse

400 1858 649 1915 eundem
694 1876 915 1914 morem
960 1877 1078 1913 non
1125 1857 1381 1927 inveniri
1412 1856 1476 1913 in
1521 1856 1595 1913 iis
1627 1855 1954 1914 Hiberniae
1986 1856 2342 1931 regionibus,
2377 1875 2528 1932 quae
2561 1855 2638 1912 ab

403 1945 735 2005 Hiiensium
760 1945 1021 2003 dominio
1045 1946 1269 2004 liberae
1302 1952 1489 2004 erant.
1545 1945 1720 2018 Quod
1751 1944 1801 2003 si
1825 1944 1910 2002 ita
1943 1952 2046 2017 est,
2079 1944 2254 2002 aliam
2287 1950 2468 2020 atque
2493 1964 2637 2016 eam,

408 2054 582 2109 quam
626 2034 793 2092 Beda
822 2036 1068 2112 profert,
1116 2036 1297 2093 moris
1327 2035 1486 2092 illius
1518 2054 1756 2092 causam
1789 2054 2070 2110 quaerere
2111 2033 2349 2092 minime
2383 2039 2638 2112 oportet.

582 2121 823 2181 Summa
845 2119 1041 2200 igitur
1071 2130 1309 2183 nostrae
1341 2124 1413 2181 de
1445 2124 1712 2181 Hiiensis
1743 2123 2086 2181 monasterii
2120 2124 2476 2181 auctoritate
2509 2143 2638 2181 sen-

406 2212 625 2270 tentiae
657 2212 800 2271 haec
832 2218 946 2271 est:
980 2212 1362 2291 Principatus
1395 2214 1509 2287 ille,
1546 2234 1719 2290 quem
1751 2212 2172 2271 monasterium
2196 2212 2444 2271 Hiiense
2473 2218 2636 2270 tene-

403 2300 523 2373 bat,
546 2301 827 2379 primitus
850 2302 1181 2360 simillimus
1206 2309 1337 2361 erat
1361 2304 1431 2375 ei,
1458 2322 1632 2378 quem
1658 2302 1844 2360 multa
1869 2302 1928 2358 in
1954 2301 2250 2360 Hibernia
2283 2300 2638 2359 monasteria

406 2389 777 2463 obtinebant,
827 2391 929 2447 sed
960 2399 1167 2469 postea
1216 2412 1343 2450 cum
1395 2392 1535 2468 quia
1578 2397 1709 2450 tota
1741 2411 1884 2467 gens
1915 2390 2224 2447 Pictorum
2257 2390 2342 2466 [et
2371 2389 2638 2449 Nordan·

402 2479 809 2555 hymbrorum]
859 2480 935 2537 ab
981 2481 1125 2557 ipsis
1156 2481 1505 2538 Hiiensibus
1538 2481 1601 2538 in
1635 2481 1979 2538 societatem
2013 2478 2290 2535 ecclesiae
2338 2484 2640 2555 assumpta

403 2573 511 2639 est,
549 2574 675 2625 tum
714 2568 855 2642 quia
880 2585 1081 2627 omnes
1106 2567 1429 2626 Columbae
1462 2588 1822 2626 successores
1861 2566 2169 2644 deprecari
2193 2565 2461 2625 solebant
2487 2567 2638 2643 epis·

405 2656 668 2734 copalem
715 2655 1086 2731 dignitatem,
1137 2678 1253 2734 qua
1286 2657 1593 2729 Columba,
1643 2656 1864 2734 quippe
1895 2656 1990 2713 cui
2021 2654 2194 2713 initio
2241 2675 2312 2713 ea
2344 2676 2490 2734 opus
2520 2676 2640 2712 non

405 2750 574 2817 esset,
608 2750 897 2817 caruerat,
930 2746 1069 2804 talis
1094 2751 1183 2805 est
1204 2748 1415 2819 factus,
1442 2751 1511 2803 ut
1534 2750 1770 2803 tantum
1803 2745 1892 2803 sui
1916 2744 2120 2803 similis
2144 2744 2326 2803 fuisse
2348 2744 2639 2803 videatur.

585 2831 745 2892 Satis
801 2834 944 2893 haec
1006 2835 1166 2895 dicta
1214 2842 1436 2909 essent,
1499 2835 1615 2893 nisi
1662 2834 1892 2910 reliqua
1939 2840 2094 2893 esset
2139 2854 2256 2891 una
2303 2835 2376 2892 de
2421 2834 2531 2893 hac
2576 2854 2640 2891 re

407 2922 693 2999 quaestio,
782 2923 939 2983 Nam.
986 2946 1116 2983 cum
1164 2945 1355 3003 neque
1404 2924 1563 3003 apud
1612 2923 1823 2983 Scotos
1867 2922 2247 3001 privilegium
2293 2944 2413 2982 non
2458 2923 2642 2981 fuerit

406 3012 814 3090 episcoporum
871 3034 1209 3073 consecrare
1256 3016 1638 3091 presbyteros
1684 3019 1863 3090 atque
1913 3012 2235 3091 episcopos,
2283 3032 2461 3090 porro
2509 3026 2640 3069 cum

406 3105 638 3159 constet
698 3108 857 3159 certe
918 3123 1359 3180 nonnumquam
1424 3124 1523 3161 eos
1588 3104 1923 3179 episcopos»,
1989 3101 2092 3177 qui
2153 3101 2361 3159 abbati
2405 3100 2641 3157 Hiiensi

406 3188 661 3264 subjecti
709 3196 895 3263 erant,
944 3199 1315 3250 consecratos
1362 3212 1484 3251 esse
1532 3192 1591 3248 in
1641 3192 1771 3267 ipsa
1817 3191 2010 3249 insula
2038 3190 2085 3248 J
2087 3210 2199 3247 ona
2247 3188 2440 3263 (Beda
2485 3188 2541 3248 h.
2589 3208 2640 3247 0.

408 3278 462 3349 3,
514 3279 571 3351 3,
618 3278 652 3355 ξ
691 3278 831 3352 164,
882 3281 951 3337 cf.
1003 3282 1059 3352 3,
1116 3282 1213 3352 17,
1260 3282 1295 3357 ξ
1334 3281 1500 3357 196),
1548 3279 1785 3338 exsistit
1834 3278 2120 3355 quaestiO,
2167 3298 2202 3334 a
2250 3296 2505 3352 quonam
2552 3276 2642 3333 illi

404 3368 524 3425 sint
586 3368 929 3429 consecrati.
1023 3370 1188 3443 Quae
1254 3369 1523 3445 quaestio
1541 3412 1555 3440 ,
1628 3388 1758 3425 cum
1821 3368 1949 3445 ipse
2013 3366 2198 3425 abbas
2258 3366 2641 3443 presbyter-us

403 3456 562 3514 haud
609 3456 787 3515 dubie
835 3457 1139 3535 episcopos
1170 3478 1288 3515 non
1321 3456 1756 3516 consecraverit
1786 3457 2054 3532 neglecto
2096 3456 2317 3513 honore
2365 3454 2640 3533 episcopo

404 3545 607 3603 debito
640 3547 736 3622 (cf.
768 3566 949 3623 supra
978 3569 1036 3625 p.
1073 3548 1199 3624 58),
1245 3546 1402 3605 redit
1432 3547 1508 3605 ad
1540 3546 1720 3617 illam,
1768 3565 1910 3603 num
1940 3545 2004 3601 in
2053 3545 2298 3603 ecclesia
2331 3543 2641 3603 Scotorum

403 3635 627 3693 fuerint
670 3635 934 3713 episcopi
966 3636 1141 3695 certis
1173 3637 1526 3714 quibusdam
1558 3635 1800 3694 sedibus
1830 3655 1947 3692 non
1993 3634 2259 3711 ascripti,
2299 3636 2400 3693 sed
2433 3634 2642 3692 nihilo·

404 3723 597 3782 minus
644 3723 965 3801 episcopali
1012 3726 1305 3802 dignitate
1354 3726 1640 3785 exornati.
1731 3724 1998 3782 Dubium
2045 3723 2200 3781 enim
2248 3730 2360 3796 est,
2423 3728 2641 3794 utrum,

406 3812 454 3869 si
518 3833 667 3888 quae
729 3814 791 3870 in
854 3814 1209 3873 monasterio
1258 3814 1495 3873 Hiiensi
1556 3813 2026 3873 administranda
2086 3818 2256 3871 erant
2315 3812 2644 3871 ministeria

406 3900 793 3978 episcopalia,
854 3903 1029 3961 acciti
1090 3903 1236 3975 sint,
1300 3903 1458 3980 quod
1524 3902 1778 3961 Sken'ius
1839 3907 2016 3980 putat
2061 3902 2182 3977 (II,
2229 3920 2286 3979 p.
2342 3901 2463 3959 163
2513 3904 2640 3977 sq.),

408 3990 717 4066 episcopus
764 3990 1265 4069 Cingaradhensis
1311 3994 1405 4050 vel
1451 3992 1523 4049 de
1570 3992 1868 4050 Hibernia
1928 3990 2197 4067 quidam,
2259 4009 2333 4049 an
2393 3990 2457 4046 in
2513 3990 2644 4065 ipsa

405 4078 599 4137 insula
642 4078 805 4137 Jona
866 4081 1023 4139 inter
1082 4082 1399 4139 monachos
1458 4082 1643 4139 fuerit
1703 4101 1856 4139 unus
1917 4081 2012 4140 vel
2071 4082 2273 4157 plures
2321 4076 2642 4155 episcopali

375 4166 701 4249 *dignitate
748 4170 961 4229 ornati.

553 4364 572 4393 ¹
612 4362 700 4415 De
738 4362 846 4414 hac
884 4376 945 4413 re
984 4360 1098 4413 vid.
1138 4360 1287 4415 infra
1322 4376 1377 4428 p.
1418 4361 1505 4415 64.
