3259 5084
1097 201 1734 335 ”,-’35.-.

523 421 606 480 sic
653 423 874 499 scripta
921 423 1203 498 (Betham
1247 425 1286 482 l.
1330 445 1376 482 c.
1408 445 1467 501 p.-
1500 423 1695 482 XXV
1725 426 1868 501 sq.):
1920 421 2123 484 XI'II
2152 446 2305 488 anno
2343 425 2403 486 T
2396 425 2635 488 hactosa

451 577 456 584 ¹
525 508 908 591 Imperatori-3
955 531 992 569 a
1029 509 1308 572 Celestino
1353 511 1626 591 episcopo
1658 510 1836 614 Papa
1877 510 2111 574 Romae
2140 513 2437 576 Patricius
2482 517 2627 599 epis-

523 618 702 678 copus
747 599 832 659 ad
875 599 1206 660 doctrinam
1251 595 1560 660 Scotorum
1601 600 1873 672 mittitur,
1920 602 2022 684 qui
2062 600 2373 664 Celestinus
2407 601 2643 664 XLII

523 686 824 766 episcopus
869 709 908 746 a
937 686 1119 750 Petro
1163 687 1428 770 apostolo
1471 688 1534 748 in
1563 688 1708 749 urbe
1739 687 1985 752 Romae.
2026 727 2099 738 --
2135 689 2455 755 Palladius
2484 693 2628 775 cpis-

524 793 701 855 copus
746 776 950 858 primo
993 777 1238 838 mittitur
1281 777 1383 858 qui
1424 775 1544 838 alio
1587 777 1818 838 nomine
1863 776 2157 842 Patricius
2202 781 2629 863 appellabatur,

521 863 624 945 qm·
663 865 1018 945 martyrium
1055 886 1270 946 passus
1315 875 1395 927 est
1440 867 1604 946 apud
1636 865 1857 938 Scot08,
1905 877 1970 927 ut
2013 869 2255 928 tradunt
2300 870 2486 933 sancti
2526 891 2627 930 an-

521 951 678 1034 tiqui.
756 951 990 1016 Deinde
1019 953 1318 1014 Patricius
1359 954 1643 1016 secundus
1674 954 1751 1014 ab
1779 953 2015 1036 anqueli
2042 957 2138 1022 dei
2182 953 2376 1019 Victor
2403 959 2634 1020 nomine

522 1050 574 1100 ct
607 1037 882 1104 celestino
915 1063 1122 1124 papae
1147 1043 1409 1114 mittitur,
1455 1043 1551 1104 cui
1578 1040 1871 1106 Hibernia
1910 1055 2030 1106 tota
2058 1045 2325 1119 credidit,
2373 1047 2475 1128 qui
2502 1067 2633 1107 eam

510 1150 706 1208 paene
749 1141 932 1192 totam
977 1131 1308 1212 baptizavit.
1413 1157 1416 1164 ·

396 1215 494 1276 10.
527 1219 670 1278 Alia
693 1221 920 1280 leviora
941 1223 1015 1284 de
1037 1223 1258 1282 honore
1282 1222 1546 1288 Patricio
1569 1177 1777 1282 debito.
1794 1224 2137 1300 (Bethaml.
2156 1246 2203 1282 c.
2218 1246 2275 1302 p.
2292 1225 2631 1302 XXXVI).

397 1307 426 1362 1
442 1306 494 1364 l.
535 1309 716 1382 „Alia
795 1331 986 1388 pauca
1062 1313 1338 1372 serotinis
1418 1313 1784 1390 temporibus
1870 1315 2113 1372 inventa
2182 1315 2419 1390 suisque
2488 1316 2631 1374 locis

522 1399 856 1456 narranda“
910 1406 972 1462 et
1024 1401 1155 1478 ipsa
1211 1401 1663 1462 annotationum
1718 1422 1883 1460 more
1929 1403 2263 1479 conscripta
2307 1423 2429 1462 non
2472 1404 2631 1464 vitae

523 1486 702 1562 idque
749 1489 970 1564 partim
1001 1490 1330 1548 H'ibernico
1376 1491 1597 1566 partim
1645 1491 1835 1550 latino
1883 1507 2149 1550 sermone
2182 1489 2462 1567 (Betham
2510 1494 2548 1553 l.
2582 1513 2630 1554 c.

519 1595 578 1652 p.
626 1575 1240 1637 XXXVI—XLIII
1287 1585 1350 1636 et
1395 1579 1707 1655 anglicane
1752 1579 1988 1638 reddita
2032 1579 2111 1636 ib.
2159 1601 2217 1656 p.
2252 1581 2629 1653 393—4123

519 1668 741 1739 majore
796 1665 1107 1742 diligentia
1166 1674 1230 1726 et
1273 1668 1434 1726 edita
1479 1675 1542 1726 et
1584 1668 1647 1724 in
1696 1666 2097 1744 Anglicanum
2143 1689 2424 1729 conversa
2468 1670 2631 1746 apud

523 1752 754 1827 Stokes,
803 1753 1112 1814 Goidelica
1159 1756 1250 1814 ed.
1307 1758 1366 1813 2.
1434 1756 1622 1814 1874.
1686 1777 1743 1833 p.
1791 1757 1874 1813 83
1922 1759 2096 1834 sqq).
2189 1758 2359 1830 Quae
2404 1779 2439 1818 a
2486 1779 2628 1834 quo-

519 1861 657 1898 nam
705 1845 1040 1921 conscripta
1086 1845 1234 1917 sint,
1284 1845 1592 1916 nescimus,
1641 1865 1832 1921 neque
1880 1845 2291 1919 Tirechanum,
2337 1853 2406 1904 ut
2451 1848 2629 1923 vulgo

521 1937 792 2007 putatur,
857 1952 1048 2008 neque
1104 1933 1480 1991 Muirchuum
1523 1932 1765 2008 (Stokes
1820 1953 1877 2008 p.
1926 1934 2035 2008 84)
2095 1941 2397 1992 auctorem
2452 1935 2630 1994 fuisse

522 2020 662 2078 licet
709 2019 1030 2093 affirmare,
1094 2020 1196 2079 sed
1243 2021 1480 2096 quando
1527 2021 1855 2100 composita
1900 2023 2047 2095 sint,
2105 2043 2225 2082 non
2270 2024 2445 2096 latet,
2492 2042 2629 2082 nam

519 2109 762 2167 ineunte
821 2111 1056 2168 saeculo
1117 2115 1326 2170 octavo
1389 2111 1616 2188 priores
1678 2131 1799 2169 non
1858 2131 1985 2170 esse
2047 2114 2153 2170 has
2214 2113 2630 2173 annotationes

519 2197 982 2258 luculentissime
1029 2201 1418 2277 comprobant
1463 2201 1703 2258 nomina
1736 2201 2164 2278 episcoporum,
2210 2201 2285 2259 de
2317 2203 2532 2278 quibus
2562 2201 2633 2260 fit

524 2287 744 2346 mentio
793 2289 890 2362 (cf.
939 2287 1156 2348 Stokes
1203 2310 1260 2366 p.
1310 2289 1439 2364 83).

567 2375 704 2450 (12)
778 2375 1132 2454 „Capitula“
1203 2378 1298 2436 vel
1369 2379 1821 2451 „annotationes
1882 2376 2069 2437 Aidi“
2140 2379 2423 2453 (Betham
2483 2380 2521 2440 l.
2582 2399 2629 2436 c.

385 2486 445 2541 p.
490 2462 722 2520 XLIII
768 2467 880 2541 sq.)
927 2465 1046 2524 vid.
1095 2485 1274 2542 supra
1321 2487 1428 2524 nro
1480 2467 1532 2523 1.

392 2553 490 2608 12.
522 2551 708 2610 Liber
737 2553 962 2628 Angeli
997 2554 1277 2628 (Betham
1322 2554 1359 2610 1.
1409 2575 1456 2611 6.
1499 2575 1556 2631 p.
1587 2553 2231 2628 XLIV—XLVHI)‚
2280 2575 2457 2631 quem
2485 2555 2629 2631 Ske-

521 2641 667 2713 nius,
715 2661 846 2698 cum
895 2641 966 2699 de
1015 2661 1082 2701 eo
1129 2643 1314 2700 verba
1359 2661 1476 2700 non
1507 2642 1708 2713 faciat,
1754 2641 1915 2698 haud
1944 2641 2064 2700 scio
2098 2662 2173 2700 an
2205 2649 2437 2719 partem
2469 2644 2630 2704 vitae

521 2729 817 2786 Muirchui
873 2730 1249 2804 judicaverit.
1343 2728 1522 2788 Certo
1585 2728 1890 2805 cujusdam
1949 2729 2089 2787 libri
2148 2751 2287 2807 pars
2335 2741 2451 2803 est,
2511 2750 2630 2790 non

519 2817 648 2893 ipse
693 2818 929 2893 integer
975 2817 1218 2894 quidam
1264 2817 1525 2888 libellus,
1583 2837 1775 2894 neque
1822 2819 1895 2877 de
1941 2818 2194 2882 Patrioii
2240 2820 2365 2880 vita
2400 2821 2472 2879 ‘in
2519 2821 2630 2877 hoc

521 2906 673 2964 libro
737 2907 1052 2983 quicquam
1108 2907 1263 2965 inest
1309 2907 1424 2964 nisi
1470 2924 1791 2978 sermones,
1855 2927 2001 2982 quos
2048 2927 2179 2966 cum
2226 2911 2439 2984 angelo
2486 2925 2628 2985 quo,-

521 2993 658 3052 dam
703 2995 1004 3054 Patricius
1059 2996 1333 3054 habuisse
1390 2995 1612 3054 dicitur
1658 3001 1719 3053 et
1765 2994 1883 3054 alia
1928 2996 2243 3056 maximam
2288 2999 2353 3054 in
2397 3005 2629 3074 partem

523 3081 764 3141 leviora.
2507 3105 2511 3112 “
2586 3145 2589 3148 ,

565 3168 663 3226 Ex
705 3170 796 3226 his
842 3169 914 3228 de
944 3171 1209 3232 Patricio
1252 3173 1606 3230 testimoniis
1640 3193 1725 3244 ea,
1772 3193 1925 3248 quae
1958 3173 2015 3245 5,
2066 3175 2123 3247 6,
2174 3176 2229 3244 7,
2278 3174 2337 3244 8,
2389 3175 2468 3232 10
2500 3176 2629 3232 loco

389 3257 722 3332 posuimus,
792 3258 876 3317 nil
945 3255 1228 3320 momenti
1289 3259 1542 3318 afferunt
1607 3281 1795 3336 eaque
1854 3261 1927 3319 de
1987 3281 2165 3328 causa
2226 3264 2628 3338 neglegentur.

389 3344 700 3406 Postrema
731 3353 928 3404 autem
963 3354 1219 3422 quatuor
1241 3348 1476 3407 illarum
1501 3348 1951 3407 annotationum
1976 3369 2156 3428 supra
2180 3353 2288 3410 sub
2316 3353 2353 3408 2
2381 3371 2627 3414 comme·

383 3441 751 3494 moratamm
798 3436 913 3494 etsi
939 3436 1276 3497 Patricium
1321 3437 1643 3512 aliquando
1674 3437 1901 3496 Romae
1948 3439 2129 3499 fuisse
2159 3439 2349 3513 docet,
2379 3475 2454 3484 —
2492 3463 2630 3500 nam

388 3523 472 3581 ibi
527 3524 930 3582 Feredachum
994 3525 1290 3602 quendam
1351 3546 1386 3583 a
1441 3525 1707 3587 Patricio
1767 3527 1830 3584 in
1892 3527 2263 3586 sacerdotum
2324 3551 2628 3595 numerum

386 3619 688 3689 receptum
736 3634 860 3672 esse
908 3620 1114 3677 narrat
1167 3649 1242 3658 -—-
1292 3621 1491 3672 tamen
1539 3621 1600 3673 et
1646 3615 1803 3692 ipsa,
1868 3616 2005 3692 quia
2054 3617 2357 3679 obscurior
2403 3625 2507 3692 est,
2570 3626 2631 3677 et

389 3703 804 3761 antecedentes
847 3709 970 3760 tres
1016 3703 1343 3762 levissimae
1390 3703 1599 3762 itidem
1646 3704 2049 3780 neglegendae
2087 3711 2241 3764 sunt.
2318 3709 2525 3785 Neque
2557 3709 2629 3764 de

388 3790 540 3848 libro
587 3788 809 3868 Angeli
867 3791 1042 3869 plura
1105 3793 1319 3860 dicam,
1383 3792 1522 3867 quia
1583 3793 1671 3850 nil
1733 3795 2014 3852 momenti
2074 3795 2249 3854 affert
2303 3796 2379 3854 ad
2423 3797 2628 3854 adum-

387 3879 676 3938 brandam
737 3880 990 3941 Patricii
1050 3881 1252 3940 vitam.
1345 3880 1525 3939 Certo
1588 3901 1729 3940 vero
1792 3902 1909 3942 non
1971 3884 2245 3961 impedit,
2316 3885 2629 3961 quominus

387 3966 714 4024 Patricium
749 3968 976 4026 Romae
1021 3969 1202 4028 fuisse
1243 3974 1536 4047 putemus,
1581 3991 1720 4028 nam
1753 3971 1929 4029 finxit
1958 3973 2055 4030 vel
2085 3974 2267 4031 refert
2296 3973 2629 4031 Patricium

371 4053 700 4114 decrevisse
747 4077 946 4115 omnes
993 4078 1198 4116 causas
1243 4059 1550 4134 grav-iores
1595 4058 1681 4118 ad
1720 4059 1914 4120 sedem
1942 4058 2323 4140 apostolicam
2352 4077 2469 4120 esse
2498 4059 2626 4118 mit-

389 4143 592 4203 tendas
635 4143 673 4202 i.
705 4162 750 4201 e.
787 4143 870 4202 ad
898 4141 1064 4204 Petri
1091 4143 1344 4228 apostoli
1385 4143 1725 4206 cathedram
1768 4147 2167 4208 auctoritatem
2198 4146 2427 4206 Romae
2469 4146 2629 4208 urbis

366 4230 557 4316 finem
603 4226 689 4313 (?)
746 4231 1026 4308 (Betham
1071 4235 1167 4308 II,
1223 4257 1358 4314 app.
1405 4256 1462 4312 p.
1509 4233 1841 4313 XLVIII).
1932 4238 2146 4312 Itaque
2208 4237 2281 4294 de
2335 4236 2630 4296 Muirchui

389 4323 542 4396 vita,
589 4323 660 4380 de
708 4320 884 4379 dictis
928 4321 1208 4396 Patricii,
1269 4326 1342 4382 de
1390 4323 1709 4383 Tirechani
1754 4325 2265 4428 annotationibus,
2328 4326 2401 4384 de
2448 4347 2627 4387 anno-

2100 4423 2200 4481 3*
