3259 5084
10 3169 17 3204 —-
12 2864 21 3130 .———
13 2688 21 2825 -——-

1332 274 1764 331 -73-

428 452 778 511 monachum
830 451 895 508 in
951 450 1327 509 matrimonio
1381 450 1680 509 viventem
1724 448 2050 508 invenissse
2061 447 2104 520 ¹,
2158 449 2338 508 immo
2383 450 2670 526 reperisse

424 541 589 618 apud
620 538 1041 598 Adamnanum
1072 538 1579 598 narratiunculam
1613 538 1928 615 quandam,
1961 558 2112 613 quae
2144 539 2489 615 comprobet
2529 537 2667 597 Sco·

427 635 623 688 torum
650 628 890 687 clericos
913 627 1132 687 vixisse
1155 627 1219 686 in
1243 672 1269 701 ,,
1280 648 1311 686 c
1322 647 1393 687 as
1404 632 1429 685 t
1441 626 1499 686 it
1510 633 1621 686 ate
1633 632 1660 664 ‘⁴
1683 627 2025 685 monachica
2041 626 2324 703 (Adamn.
2341 626 2448 685 vit.
2468 627 2594 686 Col.
2612 627 2670 700 2,

428 718 533 790 55,
564 739 625 800 p.
659 718 813 775 217:
859 724 911 776 et
952 713 1093 797 quia
1121 715 1279 776 idem
1309 712 1395 775 N.
1424 714 1597 776 homo
1619 712 1880 798 plebeius
1910 723 2034 775 erat
2063 736 2194 775 cum
2223 734 2408 775 uxore
2437 712 2668 797 etfilii3,

426 802 534 866 hoc
591 804 765 865 etiam
830 804 883 865 ei
936 804 1027 865 vir
1080 803 1277 866 beatus
1330 802 1733 865 benedictionis
1779 812 2155 886 auymentum
2196 801 2388 864 intulit
2443 804 2637 863 dicens
2650 825 2670 861 .-

422 893 533 955 erit
575 914 768 955 semen
812 903 977 953 tuum
1020 892 1165 974 etc).

606 982 957 1043 Sanctorum
996 983 1252 1060 denique
1284 983 1445 1060 apud
1469 982 1682 1043 Scotos
1713 982 1958 1041 summis
1988 982 2052 1040 in
2083 981 2406 1040 honoribus
2436 981 2668 1041 habito·
2733 1000 2738 1003 ·

426 1092 559 1131 rum
604 1074 792 1131 multa
838 1078 1123 1131 occurant
1170 1073 1456 1149 exempla.
1549 1070 1837 1131 Omittam
1886 1075 2238 1148 argumenta
2284 1090 2357 1127 ex
2402 1070 2670 1146 reliquiis

424 1161 717 1238 liturgicis
762 1161 1091 1238 desumpta,
1140 1181 1279 1219 nam
1326 1182 1456 1219 cum
1503 1160 1616 1219 hae
1658 1180 1860 1219 omnes
1891 1160 2124 1220 saeculo
2155 1160 2408 1237 septimo
2439 1159 2670 1238 priores

428 1269 547 1308 non
609 1250 731 1309 sint
792 1250 1099 1324 (Warren,
1157 1271 1216 1327 p.
1272 1250 1448 1325 155),
1509 1269 1627 1308 non
1687 1248 1815 1309 sine
1876 1269 2058 1326 opera
2103 1248 2509 1307 Romanorum
2571 1268 2669 1307 eas

422 1339 785 1414 compositas
842 1358 967 1397 esse
1013 1338 1288 1397 Ebrardo
1343 1339 1595 1397 forsitan
1651 1339 1834 1398 liceat
1887 1338 2242 1397 contendere
2288 1339 2386 1413 (cf.
2432 1358 2489 1413 p.
2543 1338 2660 1394 121

424 1434 489 1487 et
533 1447 591 1504 p.
642 1426 814 1503 515),
874 1428 992 1499 sed,
1054 1428 1105 1485 si
1149 1428 1315 1500 libet,
1360 1428 1564 1487 videas
1610 1427 1898 1485 Gumeani
1944 1427 2257 1503 epistulam
2305 1428 2388 1504 (p.
2439 1427 2548 1501 21)
2595 1425 2668 1484 116

424 1514 648 1574 Sancto
712 1514 1003 1592 Gregorio
1066 1536 1225 1593 papa
1284 1516 1580 1577 dicentem
1644 1521 1704 1574 et
1761 1514 2108 1575 Adamnani
2165 1514 2450 1591 plurimos
2509 1516 2669 1573 locos

428 1606 511 1679 (2,
550 1604 649 1677 74,
680 1625 739 1681 Ρ.
773 1605 929 1676 224;
973 1606 1030 1677 2,
1065 1605 1167 1677 81,
1199 1625 1255 1682 p.
1292 1606 1445 1677 2263
1496 1606 1553 1678 2,
1587 1606 1690 1677 82,
1736 1625 1794 1680 Ρ.
1828 1604 2000 1679 226).
2078 1602 2305 1676 Quodsi
2349 1602 2669 1661 secundum

422 1713 498 1751 ex
543 1693 663 1752 illis
694 1692 1038 1752 Adamnani
1082 1693 1229 1753 locis
1274 1694 1507 1771 legeris,
1554 1713 1672 1769 quo
1721 1696 1926 1753 narrat
1971 1712 2034 1751 se
2078 1691 2272 1768 ipsum
2320 1711 2450 1749 cum
2497 1690 2670 1749 sociis

422 1782 722 1858 quondam
739 1782 1046 1841 invocasse
1064 1781 1513 1841 St.Oolumbam
1532 1782 1625 1839 his
1646 1781 1868 1840 verbis:
1896 1776 2170 1840 Placetne
2183 1777 2303 1851 tibi,
2323 1777 2537 1839 Sancte
2553 1822 2566 1837 .
2584 1821 2598 1836 .
2617 1772 2669 1837 ..9

428 1866 633 1929 Facile
680 1868 785 1928 tibi
827 1878 926 1940 est,
960 1913 975 1927 .
1008 1913 1023 1927 .
1058 1913 1070 1927 .
1088 1912 1107 1940 ‚
1154 1889 1193 1927 a
1232 1868 1471 1928 domino
1500 1868 1833 1948 impetrare,
1877 1877 1942 1927 ut
1974 1912 1987 1926 .
2021 1912 2035 1926 .
2069 1874 2230 1927 certo
2261 1868 2471 1926 melius
2501 1868 2668 1926 testi·

426 1958 688 2016 monium
748 1977 869 2014 non
922 1957 1289 2016 desiderabis
1337 1958 1435 2034 (cf.
1480 1957 1724 2016 Ebrard
1767 1978 1826 2034 p.
1881 1959 1910 2014 1
1927 1958 2051 2032 18).
2140 1956 2257 2015 His
2318 1956 2505 2032 igitur
2565 1956 2667 2014 ab·

426 2045 638 2103 solutis
698 2051 759 2103 et
819 2044 881 2102 in
942 2051 1276 2123 posterum,
1339 2066 1491 2123 quae
1547 2046 1622 2104 116
1670 2045 1962 2105 Columba
2004 2044 2371 2104 Luxoviensi
2416 2045 2667 2103 dicenda

424 2138 582 2205 sunt,
628 2133 943 2193 reservatis
988 2134 1245 2206 tandem,
1292 2141 1361 2193 ut
1404 2135 1778 2213 propositum
1825 2140 1933 2207 est,
1979 2127 2347 2211 quaeramus,
2395 2153 2547 2211 quae
2596 2155 2667 2193 ex

910 2309 1522 2394 nordanhymbrorum
1570 2311 1880 2377 ecclesiae
1927 2309 2177 2376 historia

422 2451 497 2509 de
546 2451 825 2511 ecclesiae
858 2451 1168 2512 Scotorum
1202 2462 1417 2514 natura
1465 2461 1526 2512 et
1571 2454 1836 2512 moribus
1868 2452 2140 2529 inprimis
2186 2452 2259 2509 de
2305 2451 2497 2510 causis
2530 2469 2663 2509 con-

424 2539 748 2599 troversiae
795 2561 926 2597 cum
972 2540 1261 2600 Romanis
1307 2542 1582 2619 cognosci
1626 2540 1877 2617 possint.

600 2627 677 2685 In
720 2627 1246 2704 Nordanhymbria
1292 2629 1466 2701 enim,
1513 2648 1697 2705 regno
1745 2628 1903 2687 inter
1948 2632 2174 2704 septem
2221 2626 2324 2685 illa
2365 2625 2667 2685 Saxonum

425 2734 611 2793 regna
650 2716 914 2774 omnium
944 2717 1217 2790 maximo,
1266 2715 1414 2776 duas
1444 2717 1736 2794 regiones,
1767 2715 2108 2774 Berniciam
2140 2722 2201 2775 et
2231 2715 2495 2789 Deiram,
2529 2735 2664 2773 con-

431 2804 667 2877 tinenti,
701 2803 868 2864 Scoti
900 2805 1180 2865 ecclesiae
1210 2806 1599 2865 fundamenta
1624 2808 1917 2881 jecerunt,
1966 2825 2304 2881 quanquam
2335 2825 2454 2864 non
2485 2804 2666 2882 primi

427 2892 940 2970 Nordanhymbris
987 2895 1359 2972 evangelium
1414 2895 1929 2973 praedicaverunt.
2022 2893 2178 2953 Nam
2223 2899 2458 2953 constat
2511 2914 2665 2953 anno

431 2984 557 3040 627
606 2983 943 3055 Paulinum,
1004 2983 1335 3061 Augustini
1382 2983 1809 3043 Cantuarensis
1871 2983 2137 3062 episcopi
2197 2984 2447 3055 socium,
2508 2982 2667 3041 inter

428 3071 670 3129 comites
717 3072 1146 3149 Aedilbergae,
1209 3073 1670 3132 Cantuariorum
1729 3072 1888 3149 regis
1949 3072 2138 3144 filiae,
2193 3070 2475 3130 Aeduino
2538 3070 2667 3147 regi

425 3157 1055 3233 Nordanhymbrorum
1101 3166 1415 3237 nupturae,
1460 3161 1524 3217 in
1554 3160 2137 3236 Nordanhymbriam
2184 3159 2417 3219 venisse
2463 3158 2666 3233 ibique

427 3247 560 3324 ipso
606 3266 745 3322 rege
794 3252 855 3305 et
901 3248 1109 3325 populi
1155 3269 1274 3306 non
1319 3269 1509 3324 parva
1556 3248 1937 3308 multitudine
1969 3248 2047 3305 ad
2076 3246 2250 3305 fidem
2284 3247 2666 3307 christianam

428 3336 727 3394 conversis
772 3334 1169 3395 Eboracensis
1213 3336 1379 3395 urbis
1439 3336 1697 3414 primum
1745 3335 2041 3395 exstitisse
2089 3333 2427 3413 episcopum
2475 3336 2668 3412 (Beda

426 3425 580 3483 h.·e.
631 3425 687 3495 2,
724 3425 986 3501 9-17).
1050 3424 1168 3509 Sed
1215 3445 1367 3501 quae
1414 3432 1558 3483 tunc
1605 3444 1739 3482 cum
1786 3424 1847 3482 111
1886 3423 2168 3482 Bernicia
2213 3430 2343 3483 tum
2387 3425 2450 3483 in
2482 3424 2667 3484 Deira

426 3514 522 3589 (cf.
567 3512 790 3589 Bright
837 3534 896 3590 p.
950 3514 1071 3572 119
1120 3517 1234 3591 sq.)
1282 3512 1543 3573 effloruit
1588 3512 1836 3571 ecclesia
1891 3532 2028 3571 mox
2082 3518 2253 3572 tanta
2310 3519 2666 3592 tempestate

427 3608 517 3661 est
561 3602 786 3675 invasa,
831 3609 901 3661 ut
948 3624 1077 3661 eam
1124 3622 1263 3662 suus
1310 3602 1565 3681 amplius
1610 3601 1864 3661 nesciret
1892 3602 2073 3660 locus.
2133 3600 2313 3661 Anno
2348 3604 2503 3661 enim
2539 3602 2664 3661 633

572 3796 591 3825 ²
631 3792 825 3847 Verba
843 3810 958 3846 non
979 3792 1088 3846 feci
1110 3793 1181 3846 de
1194 3790 1508 3847 Tirechano
1530 3796 1797 3846 narrante
1812 3791 2170 3861 (BethamIL
2185 3810 2315 3863 app.
2332 3810 2387 3861 p.
2402 3791 2634 3860 XXIX)
2653 3810 2664 3844 :

428 3862 756 3928 Patricium,
786 3868 1085 3932 postquam
1112 3862 1238 3915 loco
1265 3864 1509 3931 quodam
1537 3863 1835 3918 ecclesiam
1863 3867 2247 3917 consecrasset
2270 3864 2411 3916 haec
2432 3863 2665 3917 dixisse:

428 3936 591 3987 erunt
632 3934 864 4003 episcopi
908 3934 1031 3989 boni
1074 3933 1161 3987 hic
1196 3936 1249 3987 et
1282 3933 1345 3987 de
1380 3934 1581 3988 semine
1615 3935 1835 3989 illorum
1871 3936 2033 3988 erumt
2066 3933 2324 3988 benedicti
2358 3934 2420 3988 in
2457 3934 2670 3987 saecula

428 4005 491 4058 in
528 4004 782 4058 cathedra
817 4005 932 4069 hac,
971 4021 1103 4057 nam
1140 4004 1383 4072 primum
1420 4005 1690 4058 obscurus
1729 4011 1817 4059 est
1852 4009 2005 4059 totus
2041 4006 2142 4058 ille
2179 4006 2336 4059 locus
2362 4034 2430 4045 —
2457 4004 2528 4057 de
2555 4004 2666 4070 spi·

427 4075 726 4129 ritualibus
777 4076 929 4128 enim
976 4074 1108 4129 filiis
1157 4076 1379 4129 locutus
1433 4091 1552 4129 esse
1602 4076 1833 4129 videtur
1881 4076 2162 4131 Patricius
2216 4075 2313 4143 (cf.
2363 4073 2501 4127 ibid.
2549 4072 2670 4141 filia

428 4149 621 4201 sancta
656 4145 919 4213 Patricii)
962 4177 1031 4185 -
1069 4146 1275 4199 deinde
1323 4162 1437 4199 non
1487 4146 1599 4198 suis
1649 4147 1838 4200 verbis
1877 4165 2007 4201 usus
2047 4150 2133 4200 est
2171 4145 2452 4199 Patricius
2492 4144 2669 4213 (quod

432 4217 661 4285 quidem
700 4215 1046 4269 Tirechanus
1092 4218 1311 4283 narrat)
1362 4217 1462 4270 sed
1507 4216 1696 4269 verbis
1745 4217 1878 4270 libri
1925 4216 2066 4271 Gen.
2107 4216 2190 4280 12,
2232 4217 2280 4280 3,
2332 4214 2573 4284 denique
2623 4214 2670 4268 si

431 4289 826 4357 episcoporum
874 4286 980 4340 filii
1028 4288 1314 4341 naturales
1364 4291 1551 4341 essent
1586 4287 1988 4358 intellegendi,
2040 4287 2192 4340 idem
2233 4284 2302 4338 de
2339 4286 2448 4339 hac
2486 4304 2547 4340 re
2585 4284 2669 4340 di-

434 4360 673 4413 cendum
711 4362 874 4424 esset,
916 4357 1067 4426 quod
1100 4374 1269 4426 supra
1296 4359 1411 4412 dixi
1439 4357 1509 4411 de
1536 4357 1932 4426 episcoporum
1955 4357 2255 4412 Britonum
2279 4356 2668 4414 matrimoniis..
