3259 5084
1558 282 2134 340 —82-*

666 461 889 539 duplici
935 480 1091 519 anno
1141 460 1267 517 640
1314 460 1391 517 ab
1435 458 1595 530 Itta,
1657 458 1904 536 Pippini
1973 458 2149 536 primi
2219 461 2494 536 conjuge,
2557 462 2894 517 constructo

665 556 905 609 auctore
950 547 1256 620 Amando,
1326 566 1499 625 quem
1544 547 1854 606 Ebrardus
1898 553 2113 625 utpote
2168 547 2562 621 „Culdeorum
2616 546 2893 605 inimicis-

668 639 915 716 simum“
945 636 1385 716 despiciendum
1423 636 1623 713 potius
1671 654 1848 712 quam
1894 636 2210 695 amandum
2256 656 2382 695 esse
2427 636 2672 708 censuit,
2719 634 2897 694 simili

670 707 845 787 modo
903 746 1084 804 penes
1144 725 1473 785 abbatissas
1530 724 1713 783 fuisse
1769 724 2008 784 videtur
2061 745 2286 785 summa
2332 726 2654 785 auctoritas
2699 724 2897 801 (Rett-

662 817 833 903 'ber-g,
879 814 1480 892 Kirchengeschichte
1526 813 1964 875 Deutschlands
2006 814 2056 885 Ι,
2104 835 2160 891 Ρ.
2211 814 2337 892 56).

842 904 1050 981 Neque
1095 904 1159 963 in
1202 903 1292 976 iis,
1338 922 1492 979 quae
1534 909 1845 989 praeterea
1889 903 1964 961 de
2007 902 2560 980 Nordanhymbriae
2605 909 2897 961 monaste·

664 994 770 1054 riis
817 999 960 1051 nota
1004 999 1158 1065 sunt,
1208 992 1525 1069 quicquam
1572 990 1709 1051 miri
1754 992 2033 1051 cernitur.
2122 991 2213 1051 Ne
2259 993 2410 1051 illud
2454 992 2691 1069 quidem
2737 992 2896 1050 affir-

664 1082 817 1142 mari
848 1088 1046 1161 potest
1078 1081 1339 1157 (Ebrard
1370 1100 1427 1157 p.
1465 1080 1634 1157 193),
1676 1079 1834 1183 quod
1866 1100 2054 1140 annus
2085 1082 2454 1159 probationis
2483 1082 2577 1143 vel
2608 1082 2900 1141 brevioris
2939 1100 2947 1105 ·

668 1172 969 1248 cujusdam
1016 1169 1276 1229 tirocinii
1321 1175 1572 1247 tempus,
1618 1172 1788 1245 qu‘us
1832 1170 2190 1229 mentionem
2233 1190 2414 1249 supra
2451 1170 2556 1229 ubi
2586 1171 2658 1229 de
2690 1170 2899 1229 Hiien·

667 1257 830 1320 sibus
876 1260 1167 1335 agebatur
1212 1259 1293 1335 (p.
1342 1258 1458 1339 69)
1505 1257 1990 1331 desideravimus,
2060 1259 2121 1318 in
2166 1259 2721 1336 Nordanhymbriae
2778 1279 2898 1319 mo·

666 1347 941 1408 nasteriis
1001 1346 1179 1405 moris
1238 1365 1355 1404 non
1410 1346 1623 1419 fuerit,
1692 1367 1830 1405 nam
1876 1348 2103 1406 Bedam
2156 1348 2421 1407 invenies
2467 1348 2546 1423 (h.
2593 1370 2642 1407 e.
2691 1349 2748 1420 4,
2796 1349 2897 1421 23,

671 1438 897 1515 3330)
942 1436 1281 1513 loquentem
1342 1434 1415 1493 de
1474 1433 1742 1495 extremis
1800 1434 2140 1495 mona-stedi
2181 1437 2508 1516 [Haconos]
2565 1432 2734 1507 loeis,
2801 1434 2906 1496 ubi

673 1544 859 1607 nuper
886 1524 1161 1583 verrimes
1193 1522 1275 1582 ad
1306 1522 1791 1583 conversatimwm
1818 1522 2083 1610 feminae
2121 1522 2375 1586 solebant
2407 1522 2675 1605 probari,
2721 1525 2900 1586 donee

666 1610 1009 1695 requlariter
1050 1610 1337 1672 insta-atae
1380 1611 1442 1671 in
1485 1610 1806 1672 societatem
1850 1612 2306 1694 conpreyatimzis
2349 1612 2786 1694 susciperentur.

846 1702 1101 1780 Propria
1146 1708 1341 1759 autem
1388 1701 1481 1760 his
1528 1700 1838 1761 Scotorum
1882 1703 2258 1762 monasteriis
2316 1703 2476 1762 haud
2533 1703 2711 1762 dubie
2770 1710 2900 1762 erat

669 1794 892 1870 regula,
938 1791 1259 1851 secundum
1305 1810 1483 1867 quam
1528 1790 1656 1849 vita
1701 1791 2042 1850 monachica
2087 1792 2364 1853 instituta
2409 1797 2554 1865 erat,
2599 1812 2734 1850 nam
2780 1812 2898 1850 non

670 1901 821 1959 opus
882 1887 973 1940 est
1032 1898 1488 1938 commemorare
1548 1877 1646 1938 Sti
1703 1879 2018 1939 Benedicti
2077 1883 2372 1959 regulam,
2443 1881 2664 1961 quippe
2722 1900 2900 1959 quam
2917 1892 2930 1907 ·

664 1971 895 2049 primus
955 1968 1271 2028 wilfridus
1329 1967 1393 2025 in
1452 1968 1829 2027 Britanniam
1889 1970 2182 2030 invexerit
2242 1971 2372 2047 (vit.
2418 1971 2619 2030 wilfr.
2673 1968 2909 2042 XLIV,

670 2059 827 2118 Mab.
872 2056 983 2130 IV,
1022 2059 1076 2130 1,
1129 2078 1186 2134 p.
1237 2056 1407 2132 705),
1475 2063 1620 2116 tunc
1680 2058 1969 2135 temporis
2029 2058 2091 2117 in
2149 2060 2468 2119 Britannia
2527 2066 2730 2119 notam
2789 2080 2909 2117 non

672 2147 867 2205 fuisse.
960 2144 1077 2204 Sed
1137 2145 1209 2203 de
1266 2146 1377 2204 hac
1432 2166 1495 2204 re
1559 2146 1720 2224 apud
1777 2146 2009 2206 Bedam
2069 2149 2154 2206 nil
2217 2156 2413 2209 exstat
2473 2153 2533 2207 et
2594 2169 2746 2224 quae
2801 2168 2911 2207 nos

672 2236 922 2294 doceant
952 2234 1273 2293 Columbae
1320 2234 1712 2294 Luxoviensis
1756 2232 2127 2310 monasteria,
2172 2237 2329 2296 infra
2373 2236 2721 2295 videbimus.
2783 2235 2907 2295 Ita-

675 2344 789 2401 que
834 2323 912 2382 ad
956 2329 1281 2382 extremum
1326 2324 1623 2382 mentione
1669 2325 1829 2385 facta
1873 2326 2035 2387 vitae
2090 2327 2470 2383 eremitarum
2523 2324 2586 2381 in
2632 2326 2691 2384 N
2692 2324 2908 2383 ordan-

670 2412 942 2490 hymbria
988 2431 1223 2489 quoque
1268 2412 1544 2472 inventae
1590 2412 1790 2491 (Beda
1836 2415 1940 2475 vit.
1987 2413 2173 2472 Oudb.
2228 2415 2325 2486 17,
2387 2413 2422 2489 ξ
2474 2413 2511 2470 2
2519 2412 2575 2485 9
2638 2411 2908 2472 StevenS.

666 2501 759 2576 ΙΙ,
806 2522 863 2579 p.
911 2501 1015 2573 83,
1060 2503 1131 2559 cf.
1185 2502 1282 2573 18,
1328 2502 1364 2578 ἓ
1414 2502 1492 2559 31
1544 2522 1648 2578 sq„
1695 2524 1754 2581 p.
1775 2503 1897 2579 85)
1945 2503 2018 2561 de
2063 2503 2188 2563 vita
2234 2500 2576 2607 monachica
2621 2502 2732 2560 hoc
2778 2502 2911 2561 loco

672 2586 817 2651 satis
862 2591 942 2649 sit
981 2590 1367 2668 disputatum.

850 2679 936 2737 Et
966 2679 1110 2738 satis
1140 2699 1328 2757 paene
1360 2679 1432 2738 de
1478 2686 1607 2739 tota
1655 2680 1916 2753 ecclesia,
1964 2701 2094 2739 cum
2140 2686 2272 2739 tota
2301 2678 2616 2739 Scotorum
2666 2681 2910 2739 ecclesia

674 2769 1039 2827 monasterii·
1065 2768 1318 2846 speciem
1366 2770 1670 2847 praebeat.
1750 2770 2105 2845 Quanquam
2151 2769 2307 2827 enim
2355 2788 2563 2828 censeo
2611 2768 2673 2827 in
2717 2769 2902 2829 Nord-

672 2858 1132 2933 anhymbrorum
1178 2858 1422 2917 ecclesia
1466 2858 1649 2917 fuisse
1695 2858 1954 2929 clericos,
2005 2857 2106 2933 qui
2153 2856 2424 2915 monachi
2471 2876 2590 2916 non
2623 2862 2787 2915 erant
2818 2888 2896 2901 -

672 2945 1059 3024 paucissimos
1099 2946 1230 3004 illos
1263 2947 1499 3023 quidem
1537 2982 1610 2991 —-
1648 2954 1846 3005 tamen
1880 2951 2107 3003 certum
2152 2946 2328 3020 hujus
2371 2946 2462 3003 rei
2507 2943 2898 3005 testimonium
2965 2967 2972 2975 ·

672 3035 938 3114 proferre
985 3054 1103 3093 non
1145 3054 1400 3112 possum.
1491 3035 1839 3095 Provocabo
1885 3039 2084 3093 tamen
2133 3034 2209 3092 ad
2253 3034 2456 3093 Bedae
2518 3033 2664 3093 illud
2721 3048 2902 3103 „nam

673 3120 946 3184 monachi
988 3114 1153 3182 erant
1195 3122 1518 3195 maxime,
1588 3123 1693 3205 qui
1746 3122 1831 3182 acl
1874 3118 2354 3203 praedicandum
2407 3128 2678 3183 venerant
2722 3121 2802 3197 (h.
2857 3138 2907 3177 e.

678 3214 736 3286 3,
772 3214 829 3286 3,
878 3212 912 3289 ξ
952 3212 1101 3289 157)
1149 3218 1211 3271 et
1252 3213 1330 3271 ad
1376 3234 1625 3273 canones
1670 3212 2058 3285 HibernicOS,
2120 3212 2222 3290 qui
2276 3212 2434 3270 inter
2487 3210 2803 3269 monachos
2849 3214 2908 3267 et

675 3301 915 3361 clericos
945 3302 1257 3361 discrimen
1286 3321 1587 3379 nunquam
1617 3322 1738 3361 non
1768 3302 2014 3373 faciunt,
2054 3334 2126 3347 —
2161 3301 2267 3360 sed
2312 3299 2594 3359 confiteor
2637 3299 2908 3357 relictum

666 3408 800 3449 esse
847 3390 1238 3450 dubitationis
1296 3392 1504 3450 locum.
1596 3392 1688 3451 Eo
1733 3390 1925 3468 magis
1969 3391 2111 3450 licet
2153 3395 2351 3449 tacere
2396 3390 2470 3447 de
2515 3385 2914 3445 matrimoniis
3001 3422 3006 3430 ·

670 3478 1039 3550 clericorum,
1087 3500 1336 3557 quorum
1380 3482 1607 3539 nullum
1651 3481 1854 3541 inveni
1894 3480 2230 3556 vestigium.
2292 3478 2490 3539 Unum
2533 3476 2721 3533 solum
2769 3472 2907 3533 affe·

666 3588 804 3627 ram
850 3574 1280 3646 argumentum,
1326 3570 1487 3646 quod
1530 3570 1896 3648 demonstret
1941 3568 2097 3645 apud
2129 3567 2337 3627 Scotos
2383 3563 2609 3625 clericis
2661 3598 2738 3607 —
2789 3582 2910 3621 non

676 3657 891 3717 addam
935 3657 1303 3735 superiorum
1348 3658 1660 3735 graduum,
1704 3677 1840 3716 nam
1886 3657 1972 3714 nil
2010 3656 2218 3729 habe0,
2267 3656 2425 3733 quod
2455 3654 2565 3713 hoc
2593 3651 2909 3712 discrimen

676 3746 887 3806 faciam
948 3782 1052 3805 —.
1094 3767 1213 3805 non
1273 3747 1507 3806 licuisse
1565 3746 1767 3805 vivere
1828 3745 1890 3802 in
1949 3744 2360 3804 matrimonii&
2450 3744 2526 3801 In
2587 3741 2915 3801 canonibus

668 3835 833 3893 enim
879 3835 1227 3895 Hibernicis
1273 3837 1374 3895 lib.
1421 3835 1521 3893 XI
1569 3856 1618 3893 c.
1669 3836 1706 3891 2
1740 3855 1827 3912 sq.
1875 3834 2096 3913 scripta
2151 3842 2290 3894 sunt
2335 3834 2479 3891 haec
2525 3833 2734 3892 verba·
2783 3826 2911 3889 Au-

664 3922 934 4005 quatinus
988 3922 1099 3983 ait.-
1166 3922 1268 4005 qui
1326 3922 1431 3983 sub
1480 3922 1680 4005 yradu
1739 3921 1940 3983 cecidit
1990 3931 2133 4003 post
2191 3919 2570 4005 penitentiam
2625 3927 2918 3979 contentus

653 4012 775 4096 fiat
820 4011 1144 4093 baptizare,
1205 4010 1667 4072 communionem
1724 4011 1868 4071 dare
1919 4010 2164 4095 infirmis
2208 4018 2260 4069 et
2302 4006 2519 4069 altario
2563 4008 2915 4069 ministrare.

678 4100 953 4183 Synodus
999 4098 1397 4161 Hiberniensis
1442 4099 1716 4173 decrevit,
1777 4110 1840 4160 ut
1891 4099 1954 4159 in
1998 4096 2525 4181 Ρενερήηαίίοηθφη
2579 4095 2820 4158 exierint
2863 4103 2918 4153 et

668 4190 758 4251 ibi
798 4190 1027 4251 miniato
1026 4210 1130 4251 are
1182 4186 1288 4249 sub
1340 4209 1521 4249 manu
1574 4188 1814 4249 abbatie.
1904 4184 2245 4249 Humanitas
2289 4196 2482 4247 autem
2525 4184 2916 4247 Hibernowes

675 4278 1124 4362 interpretantur
1182 4298 1361 4338 eausa
1409 4278 1724 4359 paucitatis
1783 4276 2174 4349 sacerdotum,
2240 4284 2305 4335 ut
2353 4285 2491 4356 post
2532 4270 2915 4356 penitentiam

672 4378 1071 4428 consecrentur
1105 4387 1218 4451 per
1264 4386 1473 4426 manus
1515 4365 1932 4447 inpositionem,
1978 4374 2030 4426 et
2071 4364 2134 4425 in
2177 4362 2400 4426 cilentio
2441 4362 2764 4423 ministrent
2807 4356 2918 4419 sub
