3259 5084
1231 244 1734 325 ’-81-

392 448 527 525 (vit.
558 443 802 522 Ethyld.
844 466 890 505 0.
927 445 1010 505 35
1052 446 1092 506 1.
1124 465 1172 503 0.
1220 465 1279 522 p.
1312 444 1466 521 755)
1513 443 1998 513 consentiendum
2045 450 2138 505 est
2181 443 2430 505 dicenti:
2477 442 2632 506 unde

392 533 730 617 imuiqitur
772 532 927 605 viros
973 542 1024 593 et
1066 530 1333 603 mulieres
1377 531 1441 591 in
1486 532 1688 599 eodem
1742 528 1932 597 simul,
1971 530 2319 594 monaste‘n'o
2363 528 2633 599 caelibem

390 624 657 687 actitasse
700 622 894 685 vitam.
954 623 1131 681 Hanc
1178 622 1333 681 enim
1380 621 1736 684 sententiam
1780 622 2050 699 pluribus
2094 621 2262 681 Beda
2307 620 2633 686 confirmat.

574 713 728 774 Nam
772 713 1030 791 primum
1075 711 1341 771 dubitari
1385 730 1505 779 11011
1550 716 1768 788 potest,
1817 710 1960 787 quin
2005 708 2246 788 praeter
2275 706 2633 773 monasteri-a

396 804 683 875 virorum,
740 809 811 861 ut
853 801 1341 871 Lindisfarnense
1386 800 1581 876 (Beda
1627 799 1734 875 vit.
1782 798 1972 859 Gudb.
2019 798 2207 872 XVI,
2252 799 2290 876 ξ
2341 799 2464 869 25„
2499 797 2631 859 Ste-

394 912 621 953 yenson
666 890 754 965 ΙΙ,
799 912 858 969 p.
893 891 1021 967 79),
1068 897 1130 950 et
1172 890 1476 966 ‚virginum
1522 890 1618 957 1701
1672 889 2002 965 puellarum
2049 888 2146 965 (cf.
2194 908 2372 963 supra
2413 910 2472 965 p.
2523 889 2632 965 70)

395 988 467 1041 ut
496 980 775 1043 Vetadun
808 978 1001 1055 (Beda
1047 980 1101 1037 h.
1134 998 1183 1037 e.
1220 979 1275 1051 5,
1310 980 1367 1055 3,
1404 978 1439 1055 ξ
1476 978 1632 1055 364)
1677 977 1974 1055 permulta
2019 984 2162 1037 tunc
2207 977 2272 1037 in
2316 975 2634 1037 Britannia

396 1070 621 1129 fuerint
667 1068 927 1146 duplicia
973 1068 1335 1132 monasteria
1376 1067 1415 1128 i.
1463 1087 1511 1125 e.
1557 1066 1943 1139 monasteria,
2005 1085 2156 1143 quae
2203 1067 2278 1124 ab
2325 1066 2634 1143 utriusque

370 1172 572 1219 'sexus
632 1157 933 1217 monachis
992 1157 1415 1228 incolerentur;
1492 1156 1730 1217 nomino
1771 1154 2404 1226 ·Strenaeshalenense‚
2475 1153 2635 1231 quod

392 1248 524 1325 ipse
569 1246 737 1305 Beda
780 1242 1157 1327 famulomm
1198 1241 1686 1326 famulaommque
1735 1239 1861 1306 Da·
1901 1242 2314 1306 mmmm-ima
2367 1243 2636 1303 nominat

395 1337 480 1411 (11.
514 1356 561 1393 0.
596 1336 654 1409 4,
690 1336 791 1407 26,
838 1337 873 1413 ξ
908 1335 1079 1410 341),
1126 1334 1340 1393 coludi
1382 1335 1591 1395 urbem
1639 1334 1718 1408 (h.
1751 1354 1800 1391 e.
1835 1334 1892 1405 4,
1927 1332 2029 1406 25,
2065 1334 2098 1409 ξ
2137 1332 2308 1408 338),
2354 1331 2634 1403 Hacanos

393 1426 479 1501 (h.
515 1444 563 1483 e.
596 1424 655 1495 4,
690 1424 791 1496 23,
841 1424 875 1501 ξ
912 1423 1083 1499 329),
1129 1423 1469 1484 Beartaneu
1515 1423 1595 1499 (h.
1628 1443 1678 1484 e.
1728 1420 1783 1493 3,
1824 1422 1921 1493 11,
1971 1422 2006 1498 ξ
2046 1422 2196 1497 182)
2241 1420 2634 1497 Berecingum

392 1514 481 1589 (h.
524 1534 570 1572 e.
614 1512 671 1584 4,
719 1515 773 1585 7,
822 1513 857 1589 ἓ
904 1512 1075 1589 275).
1164 1512 1485 1571 Maximam
1530 1516 1766 1589 partem
1811 1510 2170 1571 monasteria
2215 1508 2529 1570 Scotorum
2571 1510 2636 1570 in

398 1601 714 1661 Britannia
768 1602 1027 1680 duplicia
1084 1602 1265 1661 fuisse
1310 1594 1622 1672 videntur,
1694 1605 1856 1659 certe
1914 1598 2215 1675 virginum
2274 1598 2632 1667 monasteria

376 1684 693 1752 'rarissime
739 1690 1141 1751 inveniuntur.
1218 1690 1507 1756 Omnibus
1552 1688 1672 1749 illis
1717 1687 2087 1751 monasteriis
2133 1686 2468 1764 duplicibus
2514 1705 2632 1745 11110

396 1780 702 1841 abbatissa
746 1786 1039 1857 praeerat.
1110 1780 1282 1855 Ergo
1328 1780 1392 1837 in
1436 1778 1547 1835 1100
1592 1775 1792 1854 priore
1839 1774 2094 1838 Thomas
2139 1796 2259 1836 non
2304 1776 2544 1846 erravit.

574 1869 783 1945 Neque
828 1868 902 1927 de
948 1869 1169 1927 caelibe
1214 1868 1367 1939 vita,
1438 1886 1615 1948 quam
1676 1872 1737 1925 et
1796 1864 1955 1924 viros
2015 1871 2076 1924 et
2134 1864 2384 1923 feminas
2441 1864 2663 1941 egisse

397 1956 630 2015 censuit
646 1998 661 2027 ,
731 1956 1005 2023 dubitare
1049 1956 1205 2015 licet.
1298 1953 1475 2015 Certe
1520 1954 1688 2027 Beda
1733 1972 1850 2013 non
1911 1953 2212 2013 dubitavit
2229 1998 2244 2025 ,
2313 1974 2450 2011 nam
2512 1972 2631 2033 mq-

403 2042 742 2103 nachorum.
771 2043 959 2101 vitam
1012 2043 1290 2121 opposuit
1350 2042 1508 2102 vitae
1568 2042 1855 2104 saeculari
1913 2042 1994 2117 (h.
2037 2063 2086 2107 e.
2130 2042 2187 2115 4,
2231 2042 2332 2115 23,
2379 2043 2414 2119 ξ
2459 2042 2632 2119 323),

302 2206 307 2214 Ι
398 2131 715 2192 monachas
765 2132 1088 2209 appellavit
1131 2132 1403 2209 virgines
1440 2132 1549 2191 deo
1596 2131 1846 2203 dicatas,
1892 2151 2136 2209 sponsas
2183 2130 2407 2192 Christi
2451 2131 2534 2208 (h.
2582 2150 2632 2191 e.

399 2220 459 2292 4,
492 2220 597 2292 20,
643 2221 678 2297 ξ
714 2220 885 2296 315),
929 2227 1253 2299 perpetuae
1298 2220 1635 2297 virginitati
1675 2226 2070 2293 consecratas,
2123 2226 2196 2293 ¹et
2239 2241 2373 2279 cum
2415 2220 2633 2283 sancti.-

388 2308 711 2370 monialem
788 2310 1085 2385 quandam
1134 2307 1434 2393 feminam
1502 2310 1567 2372 111
1635 2309 1991 2369 monasterio
2059 2309 2388 2385 Berecingo
2453 2309 2632 2368 fuisse

395 2404 629 2471 narrat,
700 2398 812 2457 tali
874 2418 1143 2459 sermone
1202 2400 1423 2471 utitur,
1492 2405 1561 2458 ut
1614 2418 1745 2457 eam
1789 2404 1932 2459 tunc
1986 2398 2049 2455 in
2094 2396 2470 2457 matrimonio
2513 2414 2632 2455 non

391 2486 613 2547 vixisse
675 2495 965 2565 appareat
1020 2489 1099 2564 (h.
1148 2510 1195 2546 e.
1245 2489 1302 2560 4,
1352 2490 1408 2559 9,
1455 2488 1491 2564 ξ
1540 2488 1722 2563 279),
1785 2504 2010 2545 necnon
2068 2485 2142 2543 de
2201 2484 2488 2546 fratribus
2547 2484 2632 2545 sic

396 2576 680 2651 loquitur,
726 2581 796 2633 ut
842 2577 1093 2635 caelibes
1138 2596 1237 2635 eos
1278 2596 1397 2633 non
1427 2575 1606 2633 fuisse
1637 2580 1848 2651 putare
1881 2594 1998 2632 non
2028 2573 2206 2633 liceat
2237 2572 2318 2648 (h.
2351 2593 2400 2633 e.
2435 2572 2492 2644 3,
2517 2574 2630 2645 26,

398 2664 435 2740 ξ
472 2664 625 2736 238;
659 2664 716 2736 4,
750 2663 808 2736 4,
844 2664 877 2741 ἓ
913 2665 1085 2742 266).
1146 2664 1362 2741 Itaque
1407 2683 1517 2741 pro
1550 2669 1712 2723 certo
1742 2662 2078 2721 habendum
2110 2667 2199 2721 est
2225 2661 2632 2737 Heriburgam

394 2752 763 2814 abbatissam
780 2796 795 2825 ,
866 2756 1033 2828 cujus
1080 2750 1223 2837 filia
1268 2746 1521 2813 carnalis
1581 2751 1646 2817 in
1707 2752 2062 2811 monasterio
2122 2751 2331 2812 matris
2391 2744 2633 2811 vivebat

394 2842 479 2917 (h.
512 2861 561 2899 e.
598 2840 655 2915 5,
690 2841 747 2914 3,
776 2842 817 2921 ιἓ
852 2842 1024 2919 364),
1056 2842 1355 2921 prioribus
1401 2840 1616 2902 aetatis
1661 2861 1801 2901 suae
1845 2841 2212 2919 temporibus
2255 2840 2436 2899 fuisse
2481 2854 2632 2917 nup-

394 2938 547 3003 tam3
617 2930 709 2989 sin
770 2931 945 3001 aliter
998 2952 1093 2993 res
1150 2952 1273 2993 sese
1319 2930 1651 3002 habuisset,
1697 2929 1864 2990 Beda
1923 2937 2030 2991 aut
2090 2930 2263 3007 plura
2323 2934 2428 2987 aut
2485 2928 2636 2987 nihil

394 3018 663 3092 dixisset,
708 3038 845 3079 nam
878 3022 1124 3081 abbates
1155 3021 1251 3081 vel
1300 3020 1634 3081 abbatissas
1678 3020 1894 3080 liberos
1939 3039 2267 3098 procreare,
2313 3017 2634 3075 nefandum

396 3106 717 3165 videbatur
760 3106 979 3167 Bedae.
1071 3110 1208 3169 Non
1270 3109 1425 3169 enim
1485 3108 1802 3184 ignorabat
1862 3107 2150 3183 ejusmodi
2208 3106 2457 3165 abbates
2511 3103 2633 3168 suis

399 3192 587 3269 ipsius
618 3196 987 3272 temporibus
1014 3197 1079 3255 in
1108 3198 1427 3257 Britannia
1458 3216 1583 3255 esse
1616 3196 1812 3273 (epist.
1844 3196 1921 3256 ad
1950 3194 2231 3271 Eogbert.
2265 3194 2300 3270 ἓ
2339 3194 2361 3251 1
2385 3195 2412 3251 1
2447 3200 2506 3254 et
2537 3194 2632 3266 13,

396 3279 564 3341 Stev.
596 3282 683 3354 II,
713 3304 771 3359 p.
808 3284 932 3343 217
968 3288 1141 3362 sqq.).
1218 3284 1411 3362 Atqui
1457 3304 1650 3359 neque
1696 3282 1861 3343 Scoti
1907 3293 2078 3341 erant
2123 3302 2314 3359 neque
2361 3282 2634 3341 monachi

396 3370 503 3429 sed
548 3368 877 3431 saeculares
921 3373 1211 3445 homines-;
1281 3380 1343 3431 et
1406 3370 1697 3449 expressis
1758 3372 1954 3431 verbis
2014 3370 2182 3429 Beda
2227 3370 2488 3432 affirmat
2532 3391 2634 3431 ne-

394 3460 643 3519 fandum
686 3459 855 3522 illum
901 3482 1147 3535 morem,
1214 3460 1371 3538 quod
1432 3460 1681 3519 abbates
1740 3459 1813 3519 de
1867 3460 2034 3519 laicis
2089 3460 2460 3521 monasteriis
2514 3480 2635 3529 non

396 3548 593 3607 dicam
638 3550 1041 3627 fungebantur
1084 3551 1189 3611 sed
1218 3550 1585 3622 fruebantur,
1617 3568 1690 3609 ex
1721 3568 1876 3609 anno
1907 3549 2140 3616 demum
2176 3548 2301 3607 705
2348 3549 2412 3608 in
2438 3550 2497 3609 N
2499 3549 2633 3609 ord-

394 3637 751 3713 anhymbria
794 3640 1197 3717 percrebuisse
1245 3641 1305 3715 (1.
1339 3658 1385 3699 0.
1422 3640 1456 3716 ἓ
1496 3638 1595 3712 13,
1625 3660 1686 3717 p.
1721 3639 1899 3715 219).
1968 3638 2132 3715 Ergo
2181 3638 2324 3715 quid
2367 3638 2514 3700 illud
2559 3638 2636 3703 ad

396 3733 665 3787 nostram
712 3729 874 3789 rem?
921 3728 1023 3788 Nil
1067 3729 1253 3805 igitur
1295 3728 1561 3807 impedit,
1609 3728 1923 3805 quominus
1953 3728 2017 3785 in
2047 3728 2292 3805 antiqua
2321 3726 2636 3787 Scotorum

390 3816 645 3875 ecclesia
688 3817 1003 3888 monachos
1048 3815 1317 3878 caelibem
1362 3815 1625 3877 actitasse
1685 3815 1865 3878 vitam
1919 3837 2028 3895 pro
2087 3823 2250 3875 certo
2293 3817 2632 3878 habeamus.

398 3903 493 3985 Ea
536 3904 667 3980 ipsa
712 3906 785 3965 de
832 3926 1009 3967 causa
1053 3907 1117 3967 in
1161 3905 1533 3965 monasteriis
1577 3905 1697 3965 illis
1742 3906 2076 3984 duplicibus
2121 3907 2337 3966 fratres
2384 3927 2420 3963 a
2450 3905 2634 3981 virgi-

400 3992 576 4051 nibus
620 3994 834 4054 80011181
879 4014 997 4055 11011
1029 3996 1217 4055 solum
1248 3994 1549 4066 vivebant,
1596 3996 1700 4055 sed
1731 3995 1910 4055 etiam
1941 3994 2160 4055 mortui
2189 3994 2636 4073 sepeliebantur
2679 4008 2682 4011 ·

398 4083 481 4157 (11.
515 4102 563 4140 0.
598 4082 655 4155 4,
691 4085 747 4156 7,
796 4084 830 4160 ξ
866 4084 1037 4160 275).

577 4171 653 4231 In
698 4172 791 4231 his
836 4172 1109 4233 omnibus
1151 4174 1237 4233 nil
1282 4172 1397 4239 nisi
1442 4172 1595 4230 forte
1639 4171 1816 4244 illud,
1875 4173 2033 4251 quod
2079 4170 2416 4231 abbatissae
2463 4188 2632 4247 prae·

398 4266 575 4321 erant
620 4261 994 4341 monasteriis
1027 4262 1376 4339 duplicibus,
1424 4259 1736 4319 Scotorum
1781 4262 2087 4339 proprium
2135 4264 2242 4331 est,
2289 4278 2480 4334 neque
2525 4258 2635 4317 hoc

398 4349 594 4427 ipsum
640 4350 785 4411 alibi
830 4350 1067 4409 omnino
1102 4371 1221 4409 non
1252 4349 1526 4412 occurrit.
1586 4349 1740 4410 Nam
1788 4351 1850 4407 in
1880 4348 2251 4425 Nivigelensi
2278 4347 2636 4411 monasterio

2176 4448 2210 4503 6
