3259 5084
1546 278 1982 333 -76-

644 452 755 513 hoc
810 454 937 511 1060
992 454 1222 531 pariter
1266 453 1599 531 respuenda
1645 453 1724 511 sit
1769 456 1950 529 atque
1997 471 2205 529 supra,
2265 451 2372 509 ubi
2413 451 2489 509 de
2534 451 2888 511 Britonibus

646 543 937 618 agebatur
984 542 1080 617 (cf.
1128 564 1185 619 p.
1236 542 1317 599 25
1366 544 1498 619 sq.),
1572 542 1728 602 Nam
1776 541 1886 599 hoc
1933 560 2168 617 quoque
2214 541 2342 599 loco
2388 540 2729 600 testimonia
2759 561 2886 599 sae·

644 632 777 688 culo
822 631 1133 689 undecimo
1179 631 1381 709 priora
1426 650 1547 689 non
1594 636 1858 703 exstant,
1918 629 2036 688 nisi
2079 630 2234 688 forte
2280 635 2586 706 putamus,
2635 650 2886 689 canones

644 719 1005 780 Hibernicos
1048 720 1389 779 testimonio
1438 740 1561 778 esse
1606 738 1796 795 posse.
1872 718 2092 777 Exstat
2137 718 2294 776 enim
2323 718 2388 775 in
2417 717 2746 776 Hibernica
2783 718 2886 775 illa

646 809 745 881 (cf.
779 828 961 885 supra
991 830 1051 886 p.
1080 809 1190 886 39)
1222 828 1511 867 canonum
1544 807 1904 881 collectione,
1939 826 2092 883 quae
2121 806 2186 865 in
2215 808 2344 884 ipsa
2367 806 2425 865 N
2427 806 2886 881 ordanhymbria

643 896 868 973 scripta
914 917 1039 956 esse
1084 897 1230 955 mihi
1275 896 1567 969 videtui-²,
1614 896 1940 973 capitulum
1987 895 2112 971 (lib.
2143 895 2194 969 Ι,
2243 896 2300 968 5,
2347 895 2885 967 Wasserschleben,

642 984 727 1042 Ir.
775 984 920 1043 Can.
967 1007 1025 1062 p.
1076 985 1141 1062 5)
1210 985 1321 1059 „de
1364 1004 1457 1056 eo,
1520 984 1680 1067 quod
1730 1004 1848 1043 non
1892 1005 2042 1043 unus
2085 1004 2269 1043 unum
2313 982 2600 1044 ordinet‘ss
2693 983 2886 1060 Atqui

643 1093 717 1131 ex
762 1073 1063 1133 veteribus
1110 1074 1496 1151 scriptoribus
1542 1074 1864 1151 repetitum
1912 1078 2004 1132 est
2042 1074 2139 1148 (cf.
2171 1074 2692 1132 Wasserschleben
2723 1074 2762 1130 l.
2794 1076 2885 1149 c.),
2957 1106 2960 1108 Δ

641 1162 849 1237 itaque
910 1183 982 1219 ex
1027 1163 1137 1220 hac
1181 1163 1313 1239 ipsa
1358 1164 1489 1239 lege
1536 1162 1689 1221 effici
1745 1182 1863 1221 non
1911 1167 2134 1240 potest,
2195 1166 2338 1220 111116
2383 1161 2693 1239 temporis,
2755 1180 2885 1219 cum

644 1250 981 1326 conscripta
1036 1256 1128 1309 est
1173 1251 1267 1310 vel
1314 1251 1513 1327 potius
1560 1251 1886 1327 descripta,
1947 1251 2114 1309 illum
2160 1250 2356 1328 ipsum
2400 1270 2648 1323 morem,
2710 1270 2882 1327 quem

642 1338 955 1438 prohibere
1003 1338 1204 1398 studet
1247 1339 1309 1397 in
1354 1360 1463 1398 usu
1509 1340 1692 1399 fuisse
1737 1339 1898 1417 apud
1937 1338 2167 1397 Scotos.
2243 1338 2507 1400 Obstant
2550 1340 2706 1398 enim
2751 1359 2884 1415 gra-

642 1426 883 1485 vissima
942 1433 1310 1503 argumenta.
1402 1426 1715 1500 Omittam,
1779 1428 1901 1504 qud
1959 1427 2128 1487 Beda
2187 1434 2395 1487 narrat
2450 1428 2630 1505 (11.6.
2679 1428 2734 1499 3,
2783 1428 2883 1499 22,

643 1515 679 1591 ξ
729 1515 899 1590 214).
990 1514 1289 1575 Finanum
1334 1517 1387 1575 I
1390 1517 1884 1575 indisfarnensem
1941 1536 2309 1577 consecrasse
2357 1517 2625 1577 Ceddum
2670 1515 2883 1575 vocatis

640 1601 727 1667 ad
778 1622 837 1663 se
882 1601 945 1661 in
988 1602 1367 1664 ministerium
1416 1603 1798 1665 ordinationis
1843 1602 1974 1664 aliis
2019 1603 2246 1665 duobus
2289 1604 2570 1688 episcopale
2621 1638 2698 1649 —
2747 1626 2884 1664 nam

643 1691 813 1750 Beda
841 1692 991 1750 illud
1020 1693 1273 1752 forsitan
1306 1694 1563 1766 finxerit,
1611 1694 1715 1753 sed
1746 1695 2082 1771 provocabo
2114 1695 2190 1752 ad
2223 1694 2590 1772 Stephanum
2622 1694 2882 1754 Eddium

642 1780 747 1838 vit.
795 1780 991 1839 Wilfr.
1038 1780 1294 1855 XXIII,
1340 1784 1497 1841 Mab.
1542 1783 1655 1855 IV,
1710 1784 1737 1840 1
1793 1803 1929 1861 app.
1975 1804 2034 1861 p.
2084 1784 2229 1841 689.
2323 1783 2502 1843 Teste
2562 1782 2718 1841 enim
2773 1782 2884 1840 hoc

640 1869 770 1928 loco
806 1868 1154 1929 Theodorus
1200 1871 1676 1950 archiepiscopus
1722 1892 1878 1930 anno
1928 1869 2054 1931 678
2101 1878 2223 1931 tres
2268 1873 2574 1951 episcopos
2628 1868 2880 1944 „inordi-

638 1966 772 2017 nate
831 1954 1021 2017 solus“
1090 1962 1479 2020 consecravit.
1568 1961 1760 2033 Num,
1825 1960 1877 2019 si
1937 1959 2247 2020 Scotorum
2314 1982 2476 2020 more
2536 1959 2883 2018 Theodorus

639 2065 781 2103 usus
846 2054 1023 2119 esset,
1091 2047 1429 2125 Stephanus
1473 2048 1728 2122 Eddius,
1783 2048 2054 2107 Wilfridi
2099 2050 2510 2121 amicissimae,
2575 2048 2884 2119 omisisset,

640 2132 788 2191 illud
818 2134 1012 2210 ipsum
1046 2134 1356 2194 Theodoro
1387 2137 1536 2194 vitio
1568 2142 1802 2195 vertere
1821 2136 1849 2193 P
1926 2137 2090 2212 Ergo
2122 2138 2458 2212 negandum
2489 2158 2614 2195 esse
2644 2136 2885 2195 videtur

634 2224 759 2296 jam
818 2228 963 2279 tunc
1023 2222 1177 2282 sicut
1237 2231 1445 2301 postea
1502 2224 1721 2281 saeculi
1767 2224 2099 2281 duodecimi
2143 2224 2512 2300 temporibus
2558 2224 2656 2299 (cf.
2703 2243 2890 2301 supra¹

638 2332 699 2389 p.
733 2311 843 2386 26)
890 2310 1069 2368 moris
1114 2310 1294 2369 fuisse
1328 2310 1640 2369 Scotorum
1686 2316 1756 2369 ut
1801 2310 2064 2387 episcopi
2109 2311 2185 2369 ab
2231 2330 2350 2369 uno
2383 2318 2885 2370 consecrarentur.

640 2398 748 2457 Sin
810 2398 1007 2471 aliter,
1070 2398 1183 2457 hoc
1229 2399 1537 2458 Scotorum
1584 2399 1891 2477 proprium
1936 2418 2055 2457 11011
2103 2404 2273 2458 esset.
2363 2399 2517 2459 Nam
2565 2418 2685 2457 11011
2730 2419 2884 2458 1111116

641 2487 987 2546 Theodorus
1049 2494 1257 2547 contra
1317 2508 1567 2546 canones
1627 2489 1788 2546 solus
1840 2491 1962 2546 tres
2015 2488 2151 2547 illos
2209 2488 2516 2566 episcopos
2562 2488 2885 2561 ordinavit,

640 2576 743 2634 sed
790 2576 919 2653 ipse
965 2574 1291 2653 Gregorius
1336 2596 1496 2654 papa
1541 2575 1886 2653 Augustino
1918 2575 2110 2650 (Beda
2153 2576 2210 2633 h.
2243 2596 2292 2633 e.
2346 2577 2399 2647 1,
2452 2577 2554 2648 27,
2601 2578 2636 2654 ξ
2671 2576 2782 2653 64)
2827 2584 2887 2635 61

638 2663 982 2723 Bonifatius
1012 2686 1171 2742 papa
1199 2666 1247 2724 J
1246 2672 1397 2737 ust0,
1430 2664 1611 2725 tertio
1644 2663 1975 2741 Augustini
2005 2664 2324 2723 successori
2348 2664 2544 2740 (Beda
2574 2664 2632 2722 h.
2658 2686 2706 2723 e.
2741 2666 2799 2737 2,
2825 2666 2882 2736 8,

638 2754 675 2829 ξ
713 2750 883 2829 109),
930 2753 1346 2826 concederunt,
1392 2760 1463 2812 ut
1515 2752 1806 2833 „eoeiyente
1851 2752 2315 2835 opportunitate“
2367 2753 2479 2811 soli
2526 2753 2880 2811 ordinarent.

640 2838 934 2899 Attamen
980 2840 1291 2899 Scotorum
1339 2841 1646 2919 episcopos
1679 2842 1958 2900 canonice
1989 2842 2294 2901 ordinatos
2323 2862 2445 2900 non
2475 2862 2599 2899 esse
2631 2844 2872 2899 constat.

638 2928 795 2986 Nam
856 2927 1123 3004 prodidit
1167 2927 1335 2986 Beda
1396 2948 1551 2986 anno
1601 2929 1730 2987 665
1779 2929 2072 2989 defunctis
2111 2930 2445 2990 Deusdedit
2489 2925 2875 2988 Cantuarensi

640 3022 701 3075 et
746 3016 1040 3074 Damiano
1087 3015 1355 3075 Roffensi
1400 3018 1627 3074 nullum
1673 3017 1738 3075 in
1781 3024 1912 3077 tota
1951 3016 2272 3077 Britannia
2317 3020 2494 3077 fuisse
2539 3016 2878 3095 episcopum

640 3106 919 3163 canonice
944 3104 1281 3163 ordinatum
1308 3111 1555 3182 excepto
1568 3105 1764 3177 Wine,
1789 3106 2066 3184 episcopo
2079 3106 2547 3166 Occidentalium
2563 3103 2881 3172 Saxonum,

642 3194 743 3271 qui
789 3195 853 3252 in
896 3192 1095 3253 Gallia
1142 3199 1272 3253 erat
1317 3200 1692 3253 consecratus
1740 3195 1821 3269 (h.
1853 3215 1902 3253 e.
1953 3196 2010 3267 3,
2061 3196 2162 3268 28,
2210 3197 2245 3273 ξ
2280 3196 2451 3271 243).
2531 3194 2665 3268 Qua
2707 3192 2773 3249 in
2817 3212 2884 3249 re

642 3282 754 3341 etsi
799 3282 969 3340 Beda
1014 3284 1240 3343 erravit
1270 3319 1353 3328 —
1386 3282 1607 3343 oblitus
1653 3288 1743 3341 est
1789 3283 1945 3341 enim
1975 3283 2268 3342 Bonifatii
2297 3282 2686 3341 Domucensis
2733 3282 2884 3360 epis-

641 3370 776 3446 copi
820 3372 901 3445 (h.
948 3392 1000 3429 e.
1050 3373 1106 3443 3,
1158 3372 1259 3445 20,
1306 3374 1341 3450 ξ
1391 3373 1537 3443 209,
1586 3373 1656 3430 cf.
1688 3370 1912 3447 Bright
1955 3394 2013 3450 p.
2050 3374 2203 3448 212)
2243 3406 2340 3445 —,
2387 3377 2589 3431 tamen
2635 3376 2886 3449 apparet

642 3478 775 3516 eum
820 3479 1011 3535 neque
1058 3416 1341 3533 Oeddlim,
1389 3459 1782 3519 Orientalium
1830 3459 2132 3519 Saxonum
2180 3460 2539 3539 episcopum,
2587 3481 2622 3519 a
2652 3460 2884 3518 Finano

640 3554 1047 3625 consecratum
1093 3568 1283 3625 neque
1329 3550 1377 3608 J
1376 3568 1749 3620 arumanum
1811 3550 2165 3607 Merciorum
2213 3550 2580 3627 episcopum,
2643 3548 2886 3607 natione

643 3633 904 3707 Scotum,
950 3642 1020 3695 ut
1065 3637 1303 3695 videtur
1350 3638 1429 3713 (h.
1476 3658 1526 3695 e.
1576 3638 1633 3709 3,
1683 3636 1784 3708 24,
1835 3636 2081 3713 ἓ224),
2127 3638 2406 3697 habuisse
2450 3658 2560 3714 pro
2608 3634 2885 3695 canonice

644 3723 950 3783 ordinatis.
1040 3724 1287 3784 Ritibus
1344 3725 1534 3802 igitur
1592 3725 1888 3783 diversam
1947 3726 2126 3785 fuisse
2181 3747 2218 3785 a
2262 3726 2667 3785 Romanorum
2724 3742 2886 3782 more

642 3812 1077 3871 ordinationem
1123 3813 1434 3872 Scotorum
1482 3814 1899 3891 suspicandum
1945 3820 2053 3873 est.
2139 3814 2419 3873 Fortasse
2467 3812 2632 3871 Scoti
2675 3811 2886 3870 iisdem

641 3902 737 3959 vel
758 3902 1059 3960 'similibus
1088 3902 1305 3960 ritibus
1328 3903 1655 3961 utebantur
1679 3908 1857 3978 atque
1878 3902 2162 3961 Britones
2187 3903 2329 3979 (vid.
2355 3922 2535 3978 supra
2557 3922 2617 3977 p.
2644 3902 2725 3959 26
2756 3903 2886 3975 sq.),

642 4010 779 4049 nam
838 3990 1049 4049 iisdem
1109 3992 1309 4083 verbis
1358 3990 1705 4050 Theodorus
1766 3992 2075 4069 episcopos
2135 3998 2197 4050 et
2241 4012 2276 4049 a
2322 3989 2516 4049 Scotis
2563 3996 2623 4048 et
2669 4010 2704 4045 a
2750 3988 2884 4046 Bri-

790 4147 811 4177 ²
849 4148 996 4201 Nam
1044 4148 1184 4213 puto
1232 4162 1417 4213 neque
1463 4145 1523 4198 in
1558 4144 1841 4199 Hibernia
1878 4145 2153 4212 scriptum
2191 4161 2309 4198 esse
2346 4144 2433 4210 id,
2473 4144 2627 4213 quod
2664 4144 2886 4211 saepius

644 4216 894 4269 occurrit
930 4217 990 4269 in
1027 4216 1115 4270 his
1143 4216 1465 4277 canonibus,
1506 4216 1946 4281 ,‚Hibernenses“
1975 4216 2220 4285 [dicunt]
2250 4216 2343 4269 vel
2382 4215 2660 4285 „synodus
2685 4214 2885 4267 Hiber-

643 4287 867 4340 nen8i8“
907 4286 1005 4355 (cf.
1047 4286 1565 4352 Wasserschleben,
1606 4288 1687 4341 Ir.
1727 4286 1875 4339 Kan.
1915 4304 1969 4355 p.
1999 4285 2118 4355 IX)
2157 4303 2340 4355 neque
2377 4285 2664 4339 Theodori
2701 4285 2887 4338 archi·

648 4358 902 4425 episcopi
941 4358 1038 4425 qui
1076 4358 1344 4411 dicuntur
1379 4358 1557 4413 libros
1589 4360 1710 4427 jam
1746 4361 1882 4411 tunc
1921 4356 2196 4411 Hibernis
2235 4358 2488 4429 cognitos
2528 4356 2718 4409 fuisse.
