3259 5084
1507 201 1936 258 -42-

598 389 730 440 sunt
773 378 836 440 in*
879 376 1040 438 mari
1075 377 1350 449 Terram,
1395 385 1457 436 ut
1500 377 1623 458 ipse
1670 376 1820 438 davit
1864 377 1926 436 in
1972 377 2511 442 commemoratione
2555 375 2842 437 labomm.

597 470 792 546 Ergo,
854 469 905 527 si
949 469 1202 545 hymnus
1249 467 1568 526 Tirechani
1622 468 1990 544 temporibus
2035 467 2331 526 vetustior
2393 473 2571 540 esset,
2642 472 2842 524 tamen

601 559 964 620 Tirechanus
995 556 1458 634 haudquaquam
1503 557 1781 616 carminis
1826 557 2009 616 verba
2054 557 2206 614 male
2252 555 2657 628 intellexisset,
2704 577 2841 614 nam

601 654 662 708 et
709 667 944 706 carmen
991 652 1051 706 et
1084 645 1448 705 Tirechanus
1494 645 1675 704 tertio
1725 647 1981 722 quodam
2026 651 2267 704 auctore
2312 645 2405 704 usi
2452 649 2589 704 sunt
2636 665 2840 721 eoque,

601 736 761 815 quod
808 735 1046 813 quidem
1077 734 1442 794 'Pirechanus
1489 734 1747 813 putavit,
1790 734 1923 813 ipso
1952 733 2233 794 Patricio,
2296 735 2529 811 Itaque,
2579 735 2841 810 quando·

603 825 842 904 quidem
887 830 1084 884 exstat
1128 824 1192 882 in
1237 824 1388 882 libro
1438 821 1859 882 Ardmachano
1906 823 2131 882 dictum
2177 823 2327 882 illud
2365 823 2617 882 Patricii
2662 843 2843 900 supra

529 920 536 927 '
602 918 684 992 (p.
735 914 843 990 34)
888 913 1350 990 transcriptum,
1419 913 1781 972 simillimum
1827 913 1986 970 haud
2033 912 2212 971 dubie
2258 912 2343 986 ei,
2403 933 2520 989 quo
2567 917 2629 970 et
2676 912 2841 970 Tire-

601 1003 822 1063 chanus
871 1009 932 1061 et
975 1002 1167 1074 Fieci,
1231 1002 1334 1078 qui
1380 1001 1622 1074 dicitur,
1686 1001 1893 1076 hymni
1937 1007 2115 1078 poeta
2161 1001 2253 1060 usi
2298 1007 2461 1074 sunt,
2518 1001 2843 1079 permirum

601 1093 747 1154 mihi
792 1090 1114 1163 videretur,
1159 1091 1211 1150 si
1258 1090 1392 1166 quis
1439 1090 1715 1149 carminis
1762 1091 1963 1163 verba,
2011 1111 2163 1168 quae
2208 1091 2272 1148 in
2318 1091 2562 1149 eandem
2609 1097 2841 1149 senten-

601 1181 748 1240 tiam
803 1180 994 1258 accipi
1048 1186 1325 1257 possunt,
1387 1184 1588 1238 tamen
1644 1179 1821 1240 aliter
1886 1179 2383 1258 interpretaretur
2446 1179 2659 1240 Nonne
2724 1179 2843 1238 duo

602 1276 784 1329 testes
843 1289 1114 1330 sermone
1177 1269 1336 1328 claro
1393 1273 1454 1327 et
1508 1269 1705 1327 lucido
1758 1268 1851 1326 usi
1905 1269 2084 1328 tertio
2140 1270 2388 1328 obscuro
2443 1269 2579 1346 plus
2626 1269 2842 1340 valent,

601 1359 780 1436 idque
815 1379 882 1418 eo
914 1357 1122 1434 magis,
1171 1378 1287 1435 quo
1319 1357 1550 1417 facilius
1581 1358 1718 1416 huic
1747 1357 1985 1418 illorum
2016 1358 2311 1418 sententia
2352 1358 2563 1434 subjici
2607 1358 2843 1436 potest?

602 1446 882 1520 Accedit,
950 1447 1107 1524 quod
1153 1468 1342 1526 paene
1387 1447 1612 1520 omnia,
1676 1467 1827 1525 quae
1879 1482 1954 1490 -
2006 1447 2130 1507 sive
2178 1451 2313 1522 ⁴jure
2360 1447 2486 1506 sive
2532 1467 2845 1527 perperam

605 1571 688 1582 -—-
745 1535 1008 1596 Patricio
1065 1537 1464 1610 ascribuntur,
1535 1537 1737 1614 qualia
1792 1557 1949 1595 nunc
2004 1542 2263 1610 exstant,
2334 1536 2521 1595 latino
2578 1555 2845 1595 sermone

605 1625 940 1702 conscripta
985 1632 1150 1699 sunt,
1207 1626 1459 1704 ideoque
1504 1625 1923 1704 suspicandum
1970 1631 2061 1684 est
2104 1625 2252 1684 illud
2299 1645 2533 1702 quoque
2578 1625 2845 1694 Patricii‚

606 1734 722 1791 quo
770 1714 1132 1776 Tirechanus
1181 1721 1242 1774 et
1286 1714 1479 1789 Fieci,
1543 1716 1648 1792 qui
1694 1715 1937 1789 dicitur,
1998 1715 2249 1792 hymnus
2295 1715 2389 1774 usi
2434 1720 2598 1787 sunt,
2661 1714 2847 1774 latine

605 1824 729 1862 esse
785 1804 1027 1864 dictum.
1121 1804 1380 1864 Tantum
1437 1805 1624 1882 igitur
1678 1806 1871 1876 abest,
1942 1809 2010 1863 ut
2066 1804 2432 1864 Tirechanus
2486 1803 2547 1862 in
2608 1823 2845 1863 conver-

589 1893 784 1951 tendo
830 1894 982 1952 male
1027 1893 1389 1953 intellexerit
1433 1894 1600 1953 Fieci
1644 1895 1951 1972 hymnum,
2020 1899 2089 1952 ut
2142 1893 2343 1970 potius
2386 1892 2593 1970 hymni
2639 1900 2849 1952 auctor

603 1982 966 2040 accusandus
1022 1982 1126 2054 sit,
1197 1982 1356 2059 quod
1411 1989 1536 2042 tam
1588 1985 1743 2041 male
1796 1982 2123 2042 Hibernice
2180 1983 2365 2041 vertit
2422 1982 2645 2040 dictum
2700 1980 2848 2039 illud

602 2069 884 2142 Patricii,
952 2075 1021 2129 ut
1073 2070 1148 2130 de
1201 2071 1671 2146 interpretandis
1735 2071 1921 2147 ipsius
1979 2070 2175 2130 verbis
2233 2071 2350 2129 viri
2406 2069 2569 2128 docti
2625 2070 2846 2129 dissen-

604 2158 720 2218 tire
765 2157 1013 2235 possint.

781 2245 974 2322 ErgO,
1029 2245 1082 2304 si
1125 2246 1378 2320 hymnus
1423 2245 1587 2304 Fieci
1645 2246 1721 2304 ab
1765 2245 1895 2323 ipso
1940 2244 2147 2318 FiecO,
2218 2245 2321 2321 qui
2365 2244 2618 2302 Patricii
2672 2245 2845 2302 disci-

603 2337 778 2414 pulus
822 2334 1002 2394 fuisse
1057 2333 1341 2407 traditur,
1411 2334 1771 2412 compositus
1826 2338 2003 2406 esset,
2073 2333 2159 2392 nil
2212 2333 2376 2392 aliud
2432 2333 2847 2408 comprobaret

604 2425 719 2484 nisi
769 2428 895 2500 jam
949 2429 1092 2484 tunc
1135 2423 1388 2482 Patricii
1441 2423 1591 2482 illud
1646 2423 1720 2482 de
1773 2423 2089 2482 itineribus
2142 2423 2261 2482 suis
2316 2443 2423 2502 per
2470 2420 2729 2480 Galliam
2786 2425 2847 2479 et

605 2514 847 2574 Italiam
893 2535 1020 2573 esse
1069 2513 1494 2573 circumlatum.

785 2601 905 2661 Sed
966 2603 1211 2662 dubium
1272 2623 1389 2660 non
1459 2607 1576 2674 est,
1650 2601 1795 2678 quin
1865 2602 2051 2660 multo
2109 2605 2248 2677 post
2316 2599 2683 2675 conscriptus
2754 2599 2849 2657 sit.

607 2692 855 2750 Certum
902 2697 1022 2764 est,
1091 2711 1224 2748 eum
1270 2692 1462 2750 altera
1521 2691 1741 2750 saeculi
1802 2691 1957 2750 sexti
2017 2695 2189 2766 parte
2243 2689 2505 2767 priorem
2548 2707 2667 2745 non
2726 2707 2851 2744 esse

608 2779 712 2854 (H.
761 2779 879 2836 and
925 2777 1013 2837 St.
1059 2778 1146 2850 II,
1183 2780 1240 2851 2,
1280 2801 1338 2856 p.
1373 2780 1499 2838 360
1533 2787 1656 2838 not.
1691 2781 1769 2855 a),
1814 2798 2065 2850 rursum,
2114 2778 2227 2836 etsi
2274 2778 2393 2838 alia
2438 2782 2529 2834 est
2574 2776 2852 2835 carminis

609 2867 727 2926 alia
773 2866 1056 2926 historiae
1105 2872 1344 2939 natura,
1407 2872 1605 2925 tamen
1654 2867 1795 2925 licet
1840 2867 2074 2943 opinari
2121 2868 2217 2941 (cf.
2263 2866 2344 2923 H.
2393 2865 2511 2924 and
2557 2863 2644 2923 St.
2693 2865 2728 2922 l.
2778 2867 2849 2941 c.)

609 2975 743 3014 eum
805 2955 1194 3032 compositum
1259 2975 1416 3032 esse,
1487 2957 1835 3032 priusquam
1896 2956 2099 3014 fabula
2170 2954 2243 3012 de
2309 2953 2678 3026 Coelestino,
2750 2953 2853 3030 qui

609 3043 938 3104 Patricium
996 3043 1266 3117 misisset,
1327 3045 1485 3122 apud
1531 3065 1735 3104 omnes
1780 3045 2087 3120 divulgata
2142 3049 2313 3102 esset.
2403 3043 2575 3100 Intra
2622 3047 2853 3101 sextum

609 3129 796 3212 igitur
841 3135 1140 3192 saeculum
1185 3140 1245 3192 et
1290 3153 1510 3191 nonum
1557 3133 1926 3212 conscriptus
1982 3137 2087 3192 est.
2180 3131 2299 3190 Sed
2356 3152 2553 3208 spero,
2614 3151 2851 3189 accura-

611 3225 731 3282 tius
778 3230 1014 3300 tempus
1058 3243 1232 3300 posse
1280 3221 1530 3282 definiri.
1621 3223 1715 3280 De
1772 3243 1889 3299 qua
1942 3242 2005 3280 re
2053 3223 2235 3281 verba
2282 3221 2549 3279 dicturus
2596 3221 2671 3278 ab
2719 3240 2852 3278 exa-

610 3311 890 3370 minanda
952 3311 1158 3371 Skenii
1217 3312 1514 3371 sententia
1579 3312 1817 3370 initium
1888 3312 2121 3370 faciam.
2236 3309 2627 3386 Sagacissime
2698 3309 2854 3368 enim

613 3399 884 3474 Skenius,
933 3400 1168 3477 quando
1198 3400 1366 3459 Fieci
1396 3402 1649 3478 hymnus
1681 3401 2040 3478 compositus
2082 3405 2253 3472 esset,
2302 3398 2578 3473 colligere
2626 3397 2856 3456 studuit

614 3509 684 3548 ex
732 3490 1008 3548 extremis
1047 3510 1234 3568 paene
1265 3491 1542 3550 carminis
1572 3490 1772 3550 verbis
1802 3489 1967 3546 hisce
2002 3489 2105 3563 (H.
2131 3487 2248 3546 and
2274 3486 2361 3546 St.
2385 3486 2472 3560 II,
2501 3487 2557 3559 2,
2588 3508 2646 3564 p.
2675 3488 2855 3563 361):

718 3573 907 3636 When
951 3575 1194 3638 Patrick
1239 3588 1386 3641 went
1432 3581 1542 3655 (=
1577 3579 1754 3652 obiit)
1800 3574 1869 3636 lte
1913 3574 2117 3636 visited
2160 3573 2251 3636 the
2294 3572 2453 3636 other
2498 3571 2767 3644 Patr-ich

701 3665 747 3726 it
791 3664 841 3725 is
887 3664 1138 3747 toyether
1182 3664 1308 3748 they
1351 3665 1639 3728 aseended
1682 3675 1739 3725 to
1786 3659 1983 3736 Jeme,
2032 3662 2259 3747 Mary’s
2306 3661 2447 3724 Son.

613 3755 914 3814 Mirabilia
957 3757 1103 3814 haec
1149 3757 1348 3816 verba.
1439 3755 1594 3816 Nam
1642 3755 1775 3832 quis
1822 3760 1911 3813 est
1955 3753 2055 3813 ille
2100 3755 2253 3813 alter
2299 3752 2639 3812 Patricius?
2711 3751 2855 3810 Ske-

616 3845 748 3903 nius
795 3844 906 3919 (II,
953 3867 1010 3924 p.
1061 3845 1188 3902 438
1236 3863 1364 3921 sqq.
1413 3851 1474 3902 et
1522 3844 1652 3902 428
1699 3847 1811 3920 sq.)
1870 3845 2118 3902 alterum
2172 3842 2501 3901 Patricium
2549 3842 2668 3912 vel,
2740 3861 2856 3917 quo

616 3934 851 3994 nomine
905 3934 1263 4012 posteriores
1309 3939 1584 4006 utuntur,
1656 3953 1888 4006 „senem
1934 3931 2315 4003 Patricium“,
2384 3932 2553 4005 cujus
2607 3929 2859 4007 primam

617 4023 976 4084 mentionem
1031 4028 1264 4082 exstare
1317 4027 1494 4099 putat
1553 4021 1616 4080 in
1675 4022 1894 4094 feriali,
1956 4019 2115 4097 quod
2174 4019 2393 4078 dicitur
2417 4019 2441 4054 ¹
2495 4017 2664 4095 Angi
2724 4037 2858 4093 cog-

808 4233 828 4263 ¹
869 4231 984 4286 Sed
1009 4247 1324 4300 perperam,
1368 4247 1498 4282 nam
1527 4233 1769 4282 exeunte
1796 4229 2021 4282 saeculo
2047 4245 2195 4283 nono
2221 4228 2366 4282 illud
2390 4227 2588 4282 feriale
2616 4225 2861 4296 (Felire)

623 4303 780 4370 prius
816 4319 930 4369 non
967 4305 1054 4358 est
1091 4301 1162 4358 cf.
1199 4299 1460 4366 Warren,
1499 4318 1554 4368 p.
1594 4299 1758 4356 XIV.
