3259 5084
1533 203 1968 258 „22—

631 400 750 442 non
797 381 1032 438 omnino
1088 379 1397 457 proprium
1452 380 1634 438 fuisse
1689 379 2032 452 Britonum,
2102 380 2207 438 sed
2266 381 2595 458 profectum
2656 401 2781 440 esse
2842 401 2877 438 a

631 470 829 550 priore
891 469 1144 544 quadam
1207 475 1485 527 tonsurae
1557 468 1788 526 ratione
1851 475 2027 526 antea
2102 469 2163 527 in
2232 469 2477 528 ecclesia
2546 471 2751 530 saltem
2814 469 2879 528 in

635 557 986 635 quibusdam
1054 556 1330 616 ecclesiae
1392 557 1665 634 partibus
1724 558 1963 616 usitata.
2064 559 2253 638 'Quod
2312 557 2469 616 idem
2533 559 2879 636 comprobat

631 646 921 709 Paulinus
982 646 1248 705 Nolanus
1314 647 1668 704 mentionem
1734 646 1953 706 faciens
2002 645 2137 724 (Op.
2188 647 2275 704 ed.
2323 646 2655 725 Rosweyde
2708 649 2874 705 1622

634 758 724 814 ep.
762 737 826 810 7)
875 736 946 793 de
994 735 1294 794 monachis
1341 733 1586 794 Gallicis
1634 743 1795 794 casta
1837 733 2195 816 informitate
2240 732 2523 816 capillum
2568 735 2651 796 ad
2694 744 2879 796 eutem

633 823 813 885 caesis
857 832 910 882 et
969 820 1350 904 inaequaliter
1395 822 1715 884 semitonsis
1760 831 1814 884 et
1858 823 2129 884 destituta
2172 822 2377 907 fronte
2424 823 2733 907 praerasis
2780 826 2877 902 (cf.

634 914 830 974 Skene
860 913 946 986 H,
987 933 1042 990 p.
1079 913 1206 989 24).
1300 911 1525 972 Contra
1573 935 1705 974 cum
1751 909 2017 974 Saxones
2062 913 2195 973 illos
2242 910 2663 994 BaJ‘ocassinos
2697 911 2880 995 juxta

633 1001 813 1062 ritum
866 1000 1306 1062 Britannorum
1359 1010 1551 1062 tonsos
1606 1003 1789 1070 laicos
1844 1003 2024 1062 fuisse
2078 1003 2456 1062 manifestum
2512 1005 2593 1063 sit
2652 1005 2761 1081 (eff
2797 1003 2877 1062 H.
2936 1067 2941 1072 ⁶

633 1092 752 1150 and
798 1090 886 1150 St.
933 1091 1018 1162 ΙΙ,
1071 1092 1100 1148 1
1154 1111 1209 1168 p.
1262 1091 1389 1167 78),
1436 1091 1854 1168 suspicandum
1902 1098 2015 1163 est,
2077 1092 2260 1152 laicos
2317 1112 2552 1170 quoque
2598 1093 2879 1152 Britones

633 1179 922 1259 peculiari
977 1181 1230 1258 quadam
1301 1181 1530 1239 ratione
1591 1180 1773 1240 fuisse
1844 1186 2064 1240 tonsos·
2154 1181 2333 1256 Inde,
2396 1182 2449 1241 si
2508 1203 2712 1242 verum
2773 1189 2879 1256 est,

635 1269 1030 1346 colligendum
1077 1275 1168 1328 est
1211 1269 1462 1328 rationis
1505 1268 1792 1329 tondendi
1840 1270 2080 1330 clericos
2123 1271 2283 1349 apud
2313 1271 2593 1330 Britones
2623 1272 2881 1331 usitatae

633 1358 854 1437 partim
911 1357 1088 1436 etiam
1147 1377 1368 1416 morem
1425 1358 1809 1418 domesticum
1865 1359 2044 1420 fuisse
2100 1365 2417 1420 auctorem.
2510 1361 2674 1438 Ergo
2730 1367 2791 1419 et
2846 1382 2881 1420 a

637 1447 835 1526 priore
903 1448 1154 1523 quadam
1224 1448 1574 1506 tonsurandi
1640 1447 1871 1508 ratione
1937 1455 1995 1508 et
2061 1471 2095 1506 a
2159 1449 2497 1510 domesticis
2560 1450 2879 1510 Britonum

635 1536 900 1595 moribus
947 1540 1225 1594 tonsurae
1271 1535 1589 1596 Britonum
1638 1537 1805 1614 origo
1861 1537 2096 1598 videtur
2152 1559 2275 1598 esse
2331 1540 2672 1620 repetenda.
2764 1538 2883 1598 Sed

633 1632 953 1702 utrumque
1010 1624 1154 1702 quid
1211 1626 1530 1685 contulerit
1585 1627 1661 1685 ad
1720 1626 2079 1691 efferendam
2138 1628 2295 1686 illam
2352 1627 2543 1706 ipsam
2602 1635 2880 1688 tonsurae

635 1715 884 1772 formam
940 1714 1001 1770 in
1057 1714 1248 1773 medio
1305 1714 1755 1790 relinquendum
1812 1723 1919 1774 est.
2011 1715 2086 1773 Id
2142 1737 2281 1776 vero
2336 1738 2445 1796 pro
2506 1723 2667 1776 certo
2724 1717 2879 1777 affir-

636 1803 785 1862 mari
829 1808 1032 1881 potest
1074 1803 1356 1864 Britones
1401 1805 1556 1864 hunc
1603 1825 1823 1863 morem
1872 1811 2183 1881 sequentes
2229 1811 2429 1866 tamen
2474 1805 2589 1865 fide
2638 1813 2696 1866 et
2744 1827 2877 1885 ope·

636 1892 804 1953 ribus
851 1891 1071 1952 unitati
1118 1893 1441 1954 catholicae
1501 1894 1765 1971 potuisse
1810 1895 2038 1968 favere,
2108 1895 2348 1954 levioris
2396 1896 2551 1954 enim
2598 1895 2879 1955 momenti

575 1997 587 2006 ·
641 2001 765 2040 esse
810 1981 964 2039 hanc
1020 1982 1092 2039 de
1145 1987 1425 2040 tonsurae
1479 1983 1670 2041 forma
1725 1983 2149 2044 dissensionem
2202 1984 2389 2063 ipsius
2446 1985 2879 2046 controversiae

637 2070 1006 2147 temporibus
1068 2071 1326 2130 Romani
1389 2091 1507 2130 non
1569 2081 1885 2131 tacuerunt
1947 2075 2063 2150 (ep.
2128 2074 2442 2148 ceolfridi,
2504 2073 2672 2133 Beda
2727 2074 2782 2131 h.
2831 2095 2878 2132 e.

641 2158 696 2231 5,
747 2160 824 2222 21
878 2159 912 2235 ξ
961 2158 1132 2234 441).
1223 2159 1358 2218 Hac
1405 2160 1536 2237 ipsa
1582 2160 1655 2218 de
1704 2181 1879 2220 causa
1940 2163 2211 2238 equidem
2266 2164 2339 2222 de
2399 2163 2493 2222 his
2540 2163 2772 2222 Galliae
2820 2169 2881 2222 et

639 2246 927 2306 Galliciae
985 2247 1244 2306 ecclesiis
1301 2249 1538 2308 omnino
1595 2251 1779 2310 verba
1835 2271 1954 2310 non
2009 2251 2300 2325 fecissem,
2362 2253 2477 2311 nisi
2521 2255 2881 2330 permultum

638 2355 768 2396 mea
816 2335 1126 2396 interesset
1173 2336 1582 2404 demonstrare.
1623 2339 1687 2404 in
1736 2337 1934 2398 Gallia
1980 2346 2041 2398 et
2092 2340 2155 2398 in
2202 2340 2501 2418 Hispania
2546 2343 2775 2419 placide
2824 2347 2886 2401 et

639 2425 842 2484 sedate
889 2431 1083 2483 actum
1132 2445 1257 2484 esse
1303 2425 1376 2484 de
1424 2427 1496 2486 iis
1540 2427 1687 2506 ipsis
1734 2427 2051 2488 Britonum
2098 2429 2384 2502 moribus,
2443 2436 2691 2508 propter
2736 2451 2883 2507 quos

637 2513 764 2572 fieri
811 2534 929 2572 non
976 2514 1200 2592 potuit,
1264 2515 1406 2592 quin
1463 2517 1526 2574 in
1580 2517 1903 2577 Britannia
1958 2519 2271 2578 vehemens
2326 2525 2593 2577 oreretur
2650 2528 2880 2579 contro-

638 2603 834 2662 versia
881 2603 1037 2662 inter
1083 2603 1362 2664 Britones
1411 2611 1470 2664 et
1515 2604 1817 2664 Saxonum
1865 2608 2169 2686 apostolos
2216 2629 2251 2666 a
2283 2605 2574 2684 Gregorio
2618 2629 2776 2686 papa
2820 2608 2883 2668 in

638 2692 1016 2752 Britanniam
1061 2693 1285 2754 missos.
1375 2693 1594 2772 Itaque
1621 2695 1733 2755 vhis
1780 2696 2069 2756 absolutis
2119 2700 2244 2773 jam
2300 2697 2753 2774 progrediamur
2808 2698 2884 2755 ad

637 2781 828 2859 ipsam
875 2781 1054 2854 illam,
1105 2802 1282 2859 quam
1329 2783 1708 2845 distinximus

637 2973 876 3042 tertiam
911 2975 1216 3042 ecclesiae
1249 2975 1550 3043 Britonum
1584 2977 1868 3059 aetatem,
1919 2978 2398 3062 proficiscentem
2434 2979 2511 3044 ab
2544 2995 2701 3046 anno
2736 2979 2881 3061 597,

639 3138 840 3198 eodem
896 3139 1118 3219 quippe
1175 3160 1355 3214 ann0‚
1429 3161 1544 3217 quo
1604 3139 2009 3217 Augustinus,
2078 3141 2305 3217 primus
2352 3140 2883 3219 Anglo·Saxonum

639 3228 948 3307 episcopus
990 3230 1066 3288 ad
1098 3228 1478 3288 Britanniam
1525 3248 1737 3290 navem
1785 3229 2035 3307 appulit.
2076 3265 2150 3274 --
2190 3229 2565 3307 Augustinus
2614 3238 2673 3290 et
2720 3233 2882 3306 socii,

639 3337 770 3376 cum
816 3317 878 3374 in
910 3317 1290 3377 Britanniam
1329 3324 1637 3392 venerunt,
1686 3318 1946 3377 nondum
1966 3373 1972 3375 .
1994 3325 2155 3378 certo
2203 3320 2489 3393 sciebant,
2539 3320 2641 3398 qui
2690 3328 2885 3382 essent

639 3425 832 3464 mores
877 3405 1196 3464 Britonum
1241 3407 1490 3485 proprii,
1538 3407 1717 3466 immo
1749 3407 2128 3479 Laurentius,
2176 3407 2504 3485 Augustini
2550 3410 2611 3468 in
2658 3411 2880 3470 archie-

638 3494 946 3572 piscopatu
979 3493 1373 3560 Cantuarensi
1419 3516 1736 3568 successor,
1784 3493 1978 3556 Scotis
2024 3496 2263 3574 scripsit
2309 3503 2467 3574 (ann.
2505 3499 2881 3576 604-610)

637 3603 698 3642 se
746 3583 976 3641 venisse
1033 3583 1096 3640 in
1151 3584 1526 3642 Britanniam
1587 3583 1904 3656 credentes,
1972 3585 2131 3666 qaod
2161 3582 2342 3667 juata
2385 3606 2610 3648 morem
2655 3588 2879 3655 univer-

637 3667 778 3734 salis
825 3668 1086 3732 ecclesiae
1115 3670 1392 3732 Britones
1437 3659 1895 3754 inyrederentur‚
1941 3673 2003 3734 in
2047 3695 2265 3756 mayna
2308 3676 2627 3736 reverentia
2670 3676 2879 3738 sancti-

637 3757 770 3818 tatis
815 3767 938 3819 tam
969 3758 1247 3820 Britones
1293 3781 1472 3842 quam
1518 3758 1723 3822 Scotos
1768 3773 2093 3824 venerantes
2125 3765 2316 3841 (Beda
2346 3767 2402 3823 h.
2436 3787 2483 3823 e.
2518 3767 2575 3840 2,
2610 3767 2648 3824 4
2683 3769 2717 3846 ξ
2754 3769 2880 3845 98).

639 3848 838 3922 Quod,
902 3849 1014 3907 etsi
1062 3848 1349 3908 mendacii
1397 3851 1759 3910 Laurentius
1804 3853 2167 3913 accusandus
2214 3874 2332 3912 non
2388 3862 2503 3928 est,
2564 3861 2761 3916 tamen
2815 3857 2879 3915 in

638 3937 866 3996 sincera
913 3937 1165 3997 veritate
1214 3939 1501 4017 scriptum
1549 3958 1664 3997 non
1714 3947 1820 4000 est.
1912 3941 2090 4002 Certe
2138 3943 2292 4000 enim
2341 3941 2668 4020 Gregorius
2722 3966 2880 4025 papa

639 4026 971 4103 suspicatus
1033 4034 1122 4086 est
1183 4027 1462 4088 Britones
1525 4048 1643 4087 non
1706 4031 1941 4089 omnino
2004 4032 2335 4090 consentire
2406 4052 2536 4090 cum
2604 4034 2881 4095 universa

639 4115 899 4174 ecclesia.
1006 4117 1294 4194 Alioquin
1359 4115 1701 4194 Augustino
1763 4140 1881 4178 non
1943 4120 2299 4197 scripsisset:
2378 4119 2881 4192 „Britanniarum

639 4223 832 4264 omnes
879 4204 1173 4285 epi-scopos
1218 4215 1350 4266 tuae
1379 4203 1749 4286 fraternitati
1790 4206 2217 4280 committimus,
2263 4217 2328 4268 ut
2370 4208 2591 4271 indocti
2632 4211 2875 4272 docean-

639 4301 750 4364 tur,
782 4292 1002 4376 infirmi
1015 4294 1398 4373 persuasione
1427 4295 1789 4368 roborentur,
1809 4295 2079 4376 perversi
2105 4297 2442 4360 auctoritate
2472 4299 2882 4380 cowiyantur“
