3259 5084
1299 255 1727 316 ...43-

388 435 624 494 nomine
656 433 867 494 Ouldei
913 435 1154 494 ineunte
1199 436 1432 494 saeculo
1478 454 1635 493 nono
1666 434 1938 508 viventis,
1984 435 2232 494 eundem
2278 455 2407 498 esse
2452 441 2631 514 atque

386 523 717 584 Patricium
764 524 1094 600 apostolum
1140 523 1278 582 inde
1335 525 1567 584 efficere
1623 530 1873 584 conatus
1918 531 2039 598 est,
2104 525 2288 602 quod,
2350 545 2481 584 cum
2529 524 2629 584 Ti·

386 614 676 673 rechanus
730 612 1059 672 Patricium
1115 633 1269 671 anno
1329 614 1459 672 458
1516 613 1610 673 vel
1668 613 1791 672 461
1852 619 2151 674 mortuum
2206 635 2333 674 esse
2388 617 2631 692 putaret

387 704 451 778 (i.
507 723 555 760 e.
613 701 844 762 duobus
899 703 996 762 vel
1059 702 1320 779 quinque
1381 701 1550 761 annis
1609 709 1749 760 ante
1810 701 2057 779 Logairi
2118 704 2276 780 regis
2337 706 2630 781 mortem),

386 791 730 870 posterioris
786 791 1070 868 temporis
1127 793 1370 850 annales
1431 792 1508 850 ad
1573 790 1825 852 eundem
1884 812 2103 851 annum
2164 792 2321 852 senis
2379 792 2631 851 Patricii

389 886 636 938 mortem
684 881 976 940 referrent
1020 881 1214 958 ipsum
1247 880 1579 939 Patricium
1621 881 1955 957 apostolum
2000 901 2157 940 anno
2204 882 2345 944 492
2380 887 2629 940 mortem

386 969 604 1028 obiisse
649 969 784 1027 rati.
879 969 1183 1046 Originem
1243 976 1444 1030 autem
1500 968 1704 1028 variae
1764 969 1925 1028 illius
1985 970 2235 1030 rationis
2290 971 2353 1028 in
2415 970 2628 1028 descri-

387 1059 582 1117 bendo
628 1064 920 1135 tempore,
970 1079 1088 1135 quo
1135 1058 1436 1118 Patricius
1483 1064 1751 1117 mortuus
1796 1063 1975 1132 esset,
2024 1059 2327 1118 adhibitae
2374 1059 2629 1118 Skenius

385 1147 524 1205 inde
580 1147 848 1224 repetiit,
920 1149 1078 1224 quod
1134 1168 1266 1206 cum
1322 1147 1687 1224 Tirechanus
1745 1148 1827 1205 30
1883 1149 2007 1206 fere
2062 1167 2247 1208 annos
2299 1147 2630 1208 Patricium

385 1237 688 1295 Hibernos
731 1235 998 1295 docuisse
1040 1236 1385 1314 putavisset,
1433 1235 1789 1314 posteriores
1833 1237 1995 1296 illius
2040 1237 2325 1316 temporis
2368 1237 2631 1316 spatium

391 1327 471 1384 60
505 1327 601 1385 vel
636 1327 716 1382 72
767 1325 937 1384 annis
983 1326 1242 1384 finirent.
1333 1325 1705 1402 Simulatque
1751 1346 1892 1403 vero
1922 1326 2251 1386 Patricium
2296 1347 2451 1386 anno
2496 1326 2623 1384 492

386 1415 482 1473 vel
529 1415 656 1472 493
707 1421 1003 1474 mortuum
1049 1435 1174 1474 esse
1222 1414 1386 1474 Scoti
1433 1415 1551 1473 sibi
1603 1415 2063 1494 persuasissent,
2133 1415 2472 1493 opinione-m
2530 1435 2627 1473 ex·

385 1503 608 1563 stitisse
654 1502 930 1580 opinatus
977 1509 1068 1562 est
1113 1503 1366 1562 Skenius
1381 1547 1396 1576 ,
1457 1504 1711 1563 alterum
1766 1523 1891 1562 esse
1936 1504 2271 1564 Patricium
2325 1505 2427 1582 qui
2474 1523 2627 1563 anno

388 1589 544 1664 458,
604 1593 856 1650 alterum
913 1593 1016 1669 qui
1069 1613 1225 1652 anno
1274 1593 1401 1650 492
1451 1592 1578 1652 vita
1637 1592 1995 1652 decessisset.
2090 1593 2264 1668 Quod
2310 1613 2443 1652 cum
2488 1598 2629 1652 ante

388 1681 686 1740 saeculum
730 1701 950 1739 nonum
995 1683 1218 1740 factum
1263 1702 1382 1740 non
1431 1701 1556 1740 esse
1604 1681 1907 1758 opinetur,
1970 1683 2203 1742 saeculo
2259 1703 2417 1741 nono
2462 1681 2631 1742 Fieci

385 1769 665 1846 hymnum
713 1770 1104 1848 compositum
1151 1791 1276 1830 esse
1323 1771 1568 1830 censuit.

564 1860 732 1918 Haec
783 1865 916 1918 tota
971 1859 1180 1918 Skenii
1222 1859 1533 1941 *sententia
1585 1859 1767 1918 timeo
1824 1881 1899 1918 ne
1961 1861 2229 1937 sagacior
2274 1861 2376 1934 sit,
2450 1883 2629 1938 quam

387 1947 602 2005 verior.
692 1948 848 2008 Nam
901 1949 1092 2006 multa
1146 1955 1310 2020 sunt,
1367 1968 1534 2023 quae
1589 1948 1645 2008 ei
1700 1956 2053 2026 repugnent.
2144 1949 2295 2008 Cum
2351 1951 2510 2026 quod
2564 1952 2627 2010 in

386 2034 603 2110 hymno
660 2041 911 2112 uterque
959 2036 1256 2095 Patricius
1311 2036 1516 2097 eodem
1574 2037 1669 2094 die
1725 2043 1991 2098 mortuus
2046 2059 2173 2098 esse
2224 2038 2448 2096 dicitur
2500 2047 2629 2100 tum

387 2123 672 2197 omnium,
720 2125 825 2202 qui
869 2125 1122 2184 Patricii
1166 2125 1450 2184 historiae
1495 2126 1961 2200 subsducuntur‚
2020 2127 2375 2186 calculorum
2422 2135 2485 2188 et
2527 2151 2627 2188 va-

385 2212 568 2272 rietas
615 2218 676 2272 et
719 2214 946 2272 incerta
993 2215 1189 2290 orig03
1235 2235 1370 2272 nam
1418 2214 1735 2288 annalium,
1784 2216 1888 2293 qui
1918 2216 2248 2276 Patricium
2293 2237 2449 2276 anno
2498 2219 2625 2278 492

383 2302 480 2360 vel
527 2303 654 2360 493
702 2308 954 2361 mortem
999 2303 1215 2362 obiisse
1261 2305 1544 2376 referunt,
1593 2304 1993 2382 antiquissimi
2039 2307 2272 2365 saeculo
2320 2305 2628 2366 undecimo

386 2397 638 2450 exeunte
684 2392 1005 2468 conscripti
1051 2397 1190 2452 sunt
1237 2395 1332 2469 (cf.
1381 2391 1635 2466 86110611,
1682 2416 1739 2471 p.
1776 2394 1857 2452 50
1892 2396 2023 2471 sq.).
2115 2395 2437 2454 Praeterea
2482 2396 2629 2454 mihi

383 2479 742 2557 persuadere
788 2501 907 2542 non
953 2501 1194 2558 possum
1239 2482 1598 2540 calculorum
1639 2483 1989 2541 varietatem
2038 2482 2349 2555 suffecisse,
2396 2489 2466 2543 ut
2511 2484 2627 2544 duo

385 2569 632 2628 Patricii
697 2569 1080 2644 fingerentur.
1173 2569 1464 2628 Attamen
1523 2591 1644 2628 non
1705 2570 1941 2628 omnino
2004 2571 2211 2629 Skenii
2271 2573 2628 2632 sententiam

387 2657 607 2733 reJ'icio,
653 2657 833 2716 immo
879 2659 1123 2718 maximi
1168 2659 1451 2720 momenti
1497 2679 1624 2718 esse
1671 2663 1819 2736 puto
1866 2659 2225 2719 mentionem
2270 2660 2436 2718 illam
2484 2663 2626 2720 alte-

386 2747 510 2804 rius
571 2746 840 2805 Patricii.
934 2746 1051 2806 Sed
1118 2753 1266 2825 puto
1335 2747 1598 2809 fabulam
1668 2748 1835 2806 illam
1906 2747 1981 2806 de
2049 2749 2279 2808 duobus
2348 2748 2628 2811 Patriciis

389 2842 580 2895 ortam
627 2855 746 2894 non
792 2856 941 2908 esse,
989 2836 1106 2894 nisi
1153 2837 1519 2909 accessisset,
1568 2838 1728 2914 quod
1775 2837 1847 2896 de
1892 2837 2167 2897 Palladio
2216 2860 2288 2896 ex
2330 2838 2627 2917 Prospero

388 2924 482 2984 vel
529 2925 696 2982 Beda
741 2923 904 2984 Scoti
949 2932 1323 3002 acceperunt.
1385 2925 1600 3002 Itaque
1648 2927 1721 2985 de
1750 2926 2035 3006 Prosperi
2080 2929 2426 2987 narratione
2472 2928 2630 3005 apud

390 3012 599 3072 Scotos
645 3021 884 3090 recepta
933 3015 1032 3088 eis,
1082 3035 1232 3092 quae
1277 3033 1460 3092 supra
1506 3015 1649 3089 dixi,
1696 3036 1887 3093 pauca
1932 3017 2149 3076 addere
2195 3017 2340 3076 mihi
2388 3017 2583 3076 liceat.

562 3101 658 3160 Ex
704 3102 998 3180 Prospero
1043 3104 1140 3164 vel
1184 3103 1352 3162 Beda
1408 3103 1617 3163 Scotos
1676 3105 1747 3162 de
1794 3104 2066 3164 Palladio
2124 3105 2488 3165 auditionem
2534 3126 2627 3163 ac-

387 3191 608 3270 cepisse
666 3191 982 3264 affirmavi,
1053 3193 1194 3269 quia
1249 3193 1630 3252 manifestum
1686 3194 1830 3252 mihi
1882 3195 2124 3253 videtur
2180 3214 2305 3254 esse
2362 3214 2629 3252 sermone

388 3286 626 3358 patrum
675 3281 834 3358 apud
881 3279 1090 3340 Scotos
1136 3281 1208 3338 de
1253 3280 1526 3340 Palladio
1583 3282 1670 3339 nil
1728 3283 2016 3342 traditum
2064 3303 2207 3342 esse.
2296 3282 2449 3343 Nam
2498 3303 2627 3342 cum

386 3369 659 3428 Muirohu
715 3375 776 3428 et
829 3368 1230 3430 annotationis
1285 3369 1448 3428 illius
1505 3370 1577 3428 de
1632 3370 1897 3429 Patricio
1954 3377 2015 3430 et
2068 3371 2341 3430 Palladio
2405 3377 2628 3446 auctor,

389 3458 492 3535 qui
536 3458 714 3536 primi
759 3458 1021 3518 Palladii
1067 3458 1427 3518 mentionem
1471 3459 1762 3532 fecerunt,
1824 3459 1897 3517 de
1953 3467 2143 3519 morte
2187 3459 2448 3520 Palladii
2509 3483 2629 3520 non

390 3547 762 3606 consentiant
794 3583 876 3592 ——
916 3549 1187 3607 Muirchu
1234 3547 1389 3606 enim
1436 3547 1497 3606 in
1543 3548 1863 3608 Britannia
1908 3555 2205 3608 mortuum
2252 3571 2376 3610 esse
2424 3556 2630 3610 narrat

387 3635 749 3709 Palladium,
817 3637 914 3694 hic
969 3638 1128 3714 apud
1175 3636 1385 3697 Scotos
1431 3637 1783 3714 martyrium
1827 3657 1961 3696 eum
2006 3660 2246 3718 passum
2294 3661 2417 3700 esse
2465 3639 2627 3698 affir-

390 3731 514 3783 mat
551 3757 648 3798 ——,
696 3732 948 3803 apparet
991 3726 1081 3798 iis,
1129 3745 1282 3803 quae
1327 3727 1734 3786 annotationis
1780 3733 1987 3787 auctor
2030 3729 2206 3787 finxit
2251 3729 2324 3788 de
2372 3729 2628 3803 „sanctis

387 3813 684 3890 antiquis“
739 3815 885 3873 talia
939 3815 1014 3873 de
1065 3814 1340 3873 Palladio
1403 3817 1807 3894 tradentibus,
1880 3836 1955 3875 ne
2019 3817 2323 3876 minimam
2389 3818 2627 3895 qui‘dem

386 3900 561 3960 fidem
623 3923 747 3962 esse
806 3903 1156 3964 habendam.
1249 3903 1745 3965 Luculentissime
1807 3911 2007 3966 autem
2068 3907 2277 3966 eadem
2334 3928 2429 3966 res
2491 3907 2627 3966 inde

389 3989 793 4064 confirmatur,
866 3993 1025 4069 quod
1081 3993 1298 4052 saeculi
1355 3994 1550 4053 octavi
1603 3995 1973 4072 temporibus
2029 3997 2188 4074 apud
2244 3994 2452 4056 Scotos
2509 4015 2628 4054 non

391 4079 672 4138 videntur
716 4080 986 4154 defuisse,
1036 4083 1140 4159 qui
1183 4082 1529 4154 nescientes,
1581 4084 1725 4159 quid
1771 4083 2053 4162 Prosperi
2098 4085 2429 4144 narrationi
2474 4085 2627 4142 face-

388 4174 548 4242 rent,
611 4169 857 4226 eundem
913 4177 1198 4248 putarent
1242 4170 1577 4230 Palladium
1634 4179 1815 4249 atque
1859 4173 2207 4232 Patricium.
2296 4171 2469 4232 Unde
2483 4215 2498 4245 ,
2558 4179 2628 4233 ut

387 4257 650 4329 videtur,
713 4277 845 4316 cum
897 4260 1122 4318 factum
1179 4266 1356 4333 esset,
1417 4265 1484 4318 ut
1529 4259 1802 4320 Palladio
1852 4282 2063 4320 nomen
2108 4259 2406 4319 Patricius
2451 4261 2625 4322 adde-

387 4353 567 4419 retur,
619 4347 679 4421 ii,
729 4346 833 4424 qui
879 4347 1059 4408 alium
1098 4349 1451 4424 judicabant
1481 4349 1816 4410 Palladium
1863 4351 2041 4410 alium
2077 4349 2425 4429 Patricium,
2469 4351 2629 4412 inter
