3259 5084
1318 255 1713 328 ...g-d

400 445 698 508 erroribus
741 467 860 506 non
907 452 1135 519 careat,
1181 453 1252 508 ut
1293 449 1422 526 ipse
1467 454 1675 507 auctor
1719 456 1926 526 postea
1972 455 2063 508 est
2106 444 2404 510 confessus
2450 441 2628 526 (Her-

399 559 511 615 zog
549 537 627 596 R.
657 537 729 596 E.
781 537 836 597 1.
869 535 1031 596 Aufl.
1071 538 1168 608 11,
1203 537 1326 594 201
1363 537 1540 613 sqq.),
1588 537 1816 610 idonea,
1863 559 1979 615 qua
2024 538 2173 598 duce
2216 545 2465 598 utantur
2508 558 2629 596 om-

399 647 504 686 nes
549 626 622 684 de
669 625 1064 686 ecclesiastica
1107 624 1425 684 Britonum
1473 624 1900 703 Scotorumque
1956 628 2205 687 historia
2250 627 2628 704 disputaturi.

401 717 604 792 Neque
649 715 876 776 Usserii
919 712 1412 774 Britannicarum
1455 711 1823 776 ecclesiarum
1868 714 2293 797 antiquitatibus
2338 715 2629 791 (Dublini.

407 805 598 880 1639)
639 804 831 864 adhuc
877 823 1075 863 carere
1121 823 1443 882 possumus.
1539 797 1795 865 Concilia
1840 811 2037 863 autem
2080 801 2339 884 Ma9nae
2386 800 2627 864 Britan—

397 891 529 952 niae
572 901 623 952 et
669 888 989 952 Hibmziae
1033 913 1068 950 a
1099 893 1419 952 Wilkinsio
1457 893 1622 951 1737
1675 894 1917 952 collecta
1962 893 2135 952 hodie
2184 900 2629 970 consenuerunt,

400 983 539 1058 quia
585 1002 740 1042 nova
786 1002 972 1058 eaque
1016 982 1240 1058 optima
1288 989 1484 1043 exstat
1528 982 1738 1055 editio,
1786 985 1951 1057 cujus
1996 981 2175 1060 primi
2219 981 2364 1040 tomi
2408 981 2630 1040 Hasius

399 1071 756 1130 mentionem
800 1071 962 1132 fecit:
1014 1067 1280 1130 Councits
1309 1070 1433 1130 and
1469 1068 1867 1132 ecclesiastica!
1909 1069 2242 1130 documents
2284 1065 2531 1148 relatiny
2574 1077 2629 1130 to

404 1153 587 1219 Great
631 1157 872 1220 Britain
929 1159 1054 1218 and
1098 1156 1361 1220 Ireland.
1422 1159 1509 1219 ed.
1567 1157 1844 1219 Haddan
1888 1158 2011 1220 and
2054 1156 2281 1218 Stubbs.
2380 1154 2629 1238 Oct-ford.

397 1245 505 1308 vol.
540 1253 586 1308 1.
637 1250 819 1319 1869,·
863 1245 972 1308 vol.
1005 1251 1061 1319 2,
1095 1252 1142 1308 1.
1178 1251 1287 1308 187
1289 1251 1362 1319 3,·
1405 1245 1512 1309 vol.
1559 1251 1615 1319 2,
1646 1251 1701 1308 2.
1752 1251 1931 1319 18785
1973 1244 2085 1310 vol.
2115 1250 2169 1308 3.
2212 1249 2374 1306 1871.
2464 1248 2631 1306 Haec

399 1336 584 1396 editio
613 1338 868 1398 maximo
916 1338 1049 1397 usui
1095 1338 1238 1398 mihi
1285 1338 1400 1398 fuit
1445 1359 1564 1398 non
1609 1340 1798 1398 solum
1846 1338 1985 1414 quia
2032 1336 2295 1397 continet
2340 1357 2628 1396 commen-

401 1425 689 1486 tationem
706 1471 720 1500 ,
767 1427 1174 1486 brevissimam
1219 1427 1382 1486 illam
1428 1428 1665 1504 quidem
1712 1427 1817 1487 sed
1860 1426 2255 1488 doctissimam
2273 1470 2286 1497 ,
2333 1425 2405 1484 de
2452 1425 2628 1484 schis-

399 1523 558 1575 mate
606 1516 765 1576 inter
807 1515 1087 1577 Britones
1133 1523 1194 1576 et
1239 1516 1563 1588 RomanoS,
1611 1516 1715 1577 sed
1761 1517 1902 1593 quia
1948 1536 2150 1574 eorum
2197 1534 2431 1591 quoque
2478 1514 2629 1574 anti-

397 1604 646 1680 quitatis
709 1605 1208 1679 testimoniorum,
1288 1627 1440 1684 quae
1500 1605 1705 1683 lingua
1769 1605 1995 1665 Celtica
2069 1603 2401 1680 conscripta
2474 1607 2627 1674 sunt,

396 1693 670 1753 notitiam
702 1694 847 1755 mihi
880 1694 1258 1772 comparavit.
1351 1695 1466 1754 His
1498 1695 1801 1754 doctrinae
1833 1692 2163 1772 praesidiis,
2209 1692 2421 1768 quibus
2467 1711 2627 1749 acce-

395 1783 632 1856 debant,
667 1803 818 1860 quae
848 1783 1094 1844 Plittius
1127 1784 1212 1859 (in
1232 1779 1564 1854 Zeitschvift
1577 1783 1693 1864 fiir
1704 1780 2215 1842 Pmtestantismus
2245 1779 2369 1840 und
2392 1775 2629 1838 Kirche.

396 1867 715 1952 Erlanyen.
755 1873 949 1949 1864)
975 1879 1036 1931 et
1059 1872 1442 1932 Friedrichus
1475 1867 2070 1952 (Kirchenqescltiohte
2086 1865 2519 1928 Deutsclzlands
2541 1868 2629 1940 II,

402 1961 526 2018 135
573 1962 748 2036 sqq.),
808 1961 1070 2019 Ebrardi
1115 1961 1673 2021 commentationum
1733 1980 2035 2020 censuram
2095 1958 2431 2029 scribenteS,
2495 1977 2627 2035 per-

398 2048 602 2124 paucis
663 2048 736 2106 de
799 2054 1001 2108 nostra
1061 2070 1124 2108 re
1184 2049 1641 2127 disputaverunt
1656 2093 1670 2122 ,
1748 2049 2003 2126 denique
2021 2092 2035 2120 ,
2112 2067 2261 2124 quae
2322 2047 2627 2106 Hertelius

399 2131 680 2213 (Kalmis,
726 2131 1058 2218 Zeitsclzrift
1084 2135 1199 2218 ffir
1241 2136 1299 2196 d.
1345 2135 1471 2198 hist.
1513 2134 1703 2198 Theol.
1758 2139 1945 2210 1875,
1994 2136 2366 2212 396—454)
2412 2136 2485 2194 de
2518 2134 2627 2194 Co·

400 2225 602 2283 lumba
631 2225 996 2284 Luxoviensi
1043 2226 1336 2299 disseruit,
1385 2234 1446 2286 et
1491 2226 1594 2304 qui
1638 2226 2027 2305 posteriorum
2074 2233 2403 2302 temporum
2447 2224 2625 2282 ratio-

394 2334 526 2380 nem
586 2314 948 2386 habuerunt,
1024 2315 1277 2374 Braunii
1337 2315 1409 2374 de
1429 2315 1695 2375 ‚Culdeis
1754 2316 1989 2375 libellus
2049 2310 2269 2390 (Bonan.
2333 2315 2505 2387 1840)
2567 2319 2629 2371 et

392 2403 841 2462 Wattenbachii
901 2403 974 2461 de
1035 2402 1344 2464 Scotorum
1412 2405 1899 2465 monasteriorum
1960 2402 2414 2479 congregatione
2474 2421 2626 2459 com-

392 2491 679 2551 mentatio
729 2492 815 2569 (in
867 2512 921 2551 v.
974 2487 1188 2567 Quast,
1250 2487 1580 2574 Zeitscknfi
1607 2492 1721 2575 fiir
1765 2488 2077 2552 clmlstliche
2120 2485 2521 2572 Arcltdoloyie.
2574 2491 2601 2546 1
2614 2531 2626 2548 .

401 2581 612 2656 1856),
675 2587 994 2640 exornatus
1053 2582 1224 2641 initio
1280 2603 1400 2641 rem
1463 2602 1779 2662 aggressus
1838 2586 1900 2638 et
1944 2585 2131 2638 totam
2177 2577 2389 2636 studiis
2434 2597 2627 2655 perse·

398 2675 572 2728 cutus
603 2689 746 2742 sum,
793 2677 1112 2746 antequam
1143 2670 1290 2729 alios
1321 2671 1504 2730 libros
1535 2688 1963 2746 cognoscerem,
1996 2687 2242 2744 quorum
2273 2667 2627 2724 mentionem

395 2757 561 2836 prius
605 2779 723 2817 non
765 2758 1126 2818 inveneram.
1217 2759 1400 2818 Forte
1431 2758 1586 2818 enim
1616 2757 1816 2818 inveni
1845 2755 2239 2834 Loeningium
2272 2749 2629 2830 (Gesclzichte

395 2845 496 2906 des
543 2843 844 2908 deutschen
890 2843 1382 2908 Kircltenrechtes.
1445 2844 1539 2908 II.
1595 2849 1778 2907 1878.
1826 2867 1883 2924 p.
1932 2845 2308 2922 411—447)
2367 2843 2629 2902 Ebrardi

367 2936 752 2996 'sententiam
785 2937 1148 2996 examinasse
1179 2937 1348 2996 brevi
1391 2937 1494 2994 illa
1541 2937 1779 3013 quidem
1825 2934 2315 2994 commentatione
2359 2933 2461 2992 sed
2507 2951 2625 2990 om-

394 3023 578 3098 nium,
627 3045 776 3102 quae
823 3026 886 3084 in
931 3034 1136 3085 nostra
1179 3031 1358 3102 gente
1402 3025 1476 3086 de
1521 3027 1630 3084 hac
1676 3046 1741 3084 re
1788 3024 2154 3102 conscriptae
2200 3028 2339 3080 sunt
2368 3042 2475 3098 per
2506 3026 2628 3079 tres

398 3133 579 3173 annos
628 3113 904 3192 optima.1
994 3115 1206 3173 Eidem
1252 3113 1582 3191 Loeningio
1627 3114 1839 3186 doben,
1904 3111 2061 3190 quod
2122 3109 2368 3188 cognovi
2418 3108 2629 3168 Varini

395 3199 583 3262 studes
613 3199 872 3262 relatives
903 3201 944 3261 ὰ
970 3199 1121 3262 Petat
1141 3199 1423 3284 potitique
1453 3211 1504 3261 et
1532 3199 1810 3283 reh‘qae‘evw
1840 3201 1941 3262 des
1971 3197 2069 3260 iles
2100 3195 2521 3278 Baitanrtiques
2550 3216 2630 3256 au

393 3299 643 3351 moment
688 3291 761 3352 de
803 3288 1104 3350 l'invasion
1147 3309 1402 3350 saxonne
1433 3289 1772 3367 (Memoires
1806 3285 2099 3370 presentes
2136 3307 2259 3369 par
2296 3284 2410 3346 div.
2441 3304 2561 3345 sav.
2590 3284 2629 3344 ὰ

391 3376 594 3440 l'acad.
643 3379 742 3440 des
787 3378 1152 3462 inscriptions
1197 3387 1248 3440 et
1293 3377 1691 3440 belles-lettres.
1741 3383 1787 3438 1.
1828 3375 2006 3448 Sem-ie,
2070 3371 2128 3433 V
2148 3372 2317 3434 Part.
2368 3378 2413 3434 1.
2464 3376 2626 3434 1857..

382 3491 452 3549 p.
489 3473 521 3528 1
550 3474 678 3551 sqq)
711 3476 772 3528 et
815 3489 920 3529 sur
965 3466 1044 3530 les
1088 3487 1286 3530 causes
1331 3468 1405 3530 de
1447 3467 1509 3529 la
1553 3466 1871 3530 dissidence
1914 3474 2069 3525 ordre
2112 3461 2319 3546 l'e‘ylise
2362 3461 2627 3524 bretomw

394 3565 445 3616 ά
489 3555 694 3639 Pe'ylise
737 3556 999 3618 romaine-
1045 3559 1211 3635 (ibid.
1246 3559 1304 3632 2,
1342 3559 1510 3618 1858
1549 3581 1607 3637 p.
1642 3560 1726 3617 88
1759 3556 1937 3634 sqq.)
2030 3555 2291 3629 Quarum
2339 3573 2625 3612 commen-

393 3648 687 3706 tationum
732 3651 896 3727 prior
941 3647 1184 3706 minoris
1229 3649 1510 3708 momenti
1565 3654 1657 3707 est
1700 3667 1880 3725 quam
1940 3645 2155 3718 altera,
2219 3643 2322 3702 sed
2377 3650 2629 3718 utraque

395 3736 750 3796 doctissima.
839 3736 1066 3796 Tamen
1097 3757 1169 3794 ex
1199 3744 1454 3815 utraque
1501 3739 1750 3797 multum
1796 3737 2023 3797 fructus
2071 3753 2188 3793 non
2234 3731 2362 3810 cepi
2409 3731 2627 3809 partim

575 3947 596 3980 ¹
634 3945 816 4000 Multo
853 3945 1056 3999 melior
1093 3949 1178 3999 est
1215 3949 1274 3998 et
1309 3943 1368 3996 in
1406 3961 1505 3998 suo
1559 3961 1768 4014 genere
1818 3944 2075 4013 perfecta
2124 3941 2393 3996 Schoellii
2431 3941 2500 3995 de
2540 3957 2627 3993 ec-

396 4017 568 4072 clesia
606 4017 824 4072 Celtica
861 4016 1260 4072 commentatio
1298 4015 1358 4069 in
1396 4014 1826 4088 Herzog-Plitt,
1874 4015 1945 4070 R.
1992 4015 2059 4070 E.
2101 4012 2259 4068 VIII
2278 4053 2290 4077 ‚
2330 4013 2626 4076 334-355,

397 4107 564 4160 quam
601 4106 714 4142 non
751 4105 850 4142 suo
890 4088 1014 4142 loco
1064 4088 1276 4142 editam
1320 4087 1671 4157 negligentia
1716 4088 1957 4158 quadam
2004 4083 2387 4154 praetermisi,
2449 4083 2628 4136 donec

395 4159 659 4214 libellum
696 4176 881 4212 meum
920 4158 1148 4227 perfeci.
1226 4159 1382 4212 Tunc
1421 4158 1664 4214 maximo
1703 4177 1830 4213 cum
1868 4158 2072 4227 gaudio
2110 4156 2265 4208 illam
2304 4154 2443 4225 legi,
2484 4156 2627 4207 atta-

395 4247 540 4299 men,
583 4231 694 4286 etsi
732 4231 790 4284 in
828 4230 1112 4284 nonnuliis
1139 4229 1452 4284 Schoellius
1491 4230 1659 4283 aliter
1695 4229 1870 4284 sensit
1907 4234 2074 4297 atque
2115 4242 2235 4294 ego,
2275 4241 2389 4277 non
2426 4225 2627 4293 habeo,

396 4303 548 4372 quod
597 4303 736 4358 meis
783 4301 1013 4368 addam;
1069 4301 1349 4371 integram
1398 4301 1586 4372 potius
1632 4301 1805 4354 malui
1853 4297 2171 4368 legentibus
2210 4295 2413 4350 offerre
2448 4313 2630 4352 meam

397 4374 929 4428 commentationem
967 4373 1400 4440 comparandam
1441 4390 1566 4426 cum
1607 4371 1983 4425 Schoelliana.

2135 4457 2207 4510 1*
