3259 5084
1325 255 1718 310 -9-

407 432 766 506 Schoenitas,
833 453 966 492 cum
1027 434 1109 510 (p.
1163 431 1270 508 11)
1331 451 1404 490 ex
1465 451 1563 506 eo,
1636 430 1791 509 quod
1837 430 1925 490 illi
1979 437 2271 508 martyres
2320 428 2645 491 Verulamii

406 524 738 600 (Verulam)
769 521 1090 598 municipio
1121 520 1389 580 Romano
1436 527 1496 580 et
1539 520 1602 578 in
1649 521 1797 579 urbe
1842 516 2172 598 Legionum
2220 519 2533 596 (anrleon
2580 519 2641 578 in

408 612 711 689 Cambria)
743 611 1036 690 supplicio
1077 609 1275 669 affecti
1321 630 1445 670 esse
1491 610 1828 683 traduntur,
1875 610 2291 689 suspicandum
2337 629 2461 669 esse
2508 628 2639 666 cen-

407 707 546 764 seat·
564 701 784 780 oppida
813 701 918 760 illa
945 700 1216 760 Romana
1255 698 1613 758 incunabula
1647 699 1815 776 quasi
1860 699 1999 758 fidei
2044 699 2399 759 christianae
2444 697 2640 771 fuisse,

406 791 647 850 nimiam
693 791 836 850 mihi
881 789 1120 848 videtur
1162 787 1338 848 fidem
1382 789 1659 850 habuisse
1689 788 1923 850 fabulis.
1983 788 2080 846 Ex
2112 787 2293 848 Gilda
2324 808 2462 865 ergo
2494 787 2641 846 nihil

407 880 795 958 comperimus
842 878 916 938 de
959 879 1066 951 iis,
1127 879 1228 954 qui
1287 877 1467 956 primi
1511 877 1863 938 Britonibus
1911 878 2279 954 evangelium
2316 876 2637 954 praedica-

405 971 629 1043 verint,
677 989 868 1045 neque
913 969 1086 1046 plura
1131 988 1202 1026 ex
1247 966 1448 1026 Bedae
1495 967 1753 1045 scriptis.
1844 966 2089 1028 Omissis
2136 967 2291 1026 enim
2310 1012 2326 1044 ,
2376 986 2522 1042 quas
2567 965 2639 1024 de

406 1059 582 1120 Lucii
641 1059 802 1135 regis
859 1056 1236 1118 conversione
1297 1056 1663 1135 temporibus
1708 1057 2019 1116 Eleutheri
2080 1055 2341 1135 episcopi
2383 1054 2642 1114 Romani

407 1151 568 1208 facta
601 1153 853 1220 enarrat,
885 1147 1101 1206 fabulis
1133 1146 1276 1224 (vid.
1307 1146 1388 1204 Η.
1419 1145 1538 1204 and
1569 1145 1657 1205 St.
1683 1145 1732 1219 I,
1765 1167 1821 1224 p.
1850 1145 1931 1204 25
1958 1166 2069 1222 sq.;
2104 1144 2305 1204 Schell
2334 1165 2393 1222 p.
2420 1145 2501 1202 22
2528 1146 2639 1221 sq.)

409 1243 598 1296 restat
657 1237 1098 1296 narratiuncula
1155 1236 1228 1295 de
1275 1233 1572 1294 Germano
1617 1233 2129 1294 Autissiodorensi
2174 1239 2237 1294 et
2278 1233 2454 1312 Lupo
2515 1235 2641 1309 ejus

411 1326 625 1387 comite
669 1325 1028 1402 Pelagianae
1087 1324 1346 1384 haeresis
1405 1324 1793 1384 eradicandae
1840 1345 2015 1384 causa
2061 1345 2096 1382 a
2144 1323 2453 1384 Gallicana
2500 1342 2639 1398 qua-

409 1416 544 1475 dam
599 1415 820 1492 synodo
867 1415 960 1473 bis
1015 1415 1078 1473 in
1123 1413 1499 1474 Britanniam
1559 1413 1751 1473 missis
1811 1415 1890 1489 (h.
1939 1435 1985 1472 e.
2034 1414 2123 1472 ed.
2170 1413 2500 1474 Stevenson
2546 1432 2640 1490 op.

409 1506 544 1565 hist.
592 1503 794 1564 Bedae
839 1503 891 1577 Ι,
951 1505 1054 1564 lib.
1107 1506 1160 1576 1,
1222 1523 1347 1581 cap.
1403 1505 1480 1561 17
1529 1505 1564 1582 ξ
1613 1504 1739 1580 39).
1832 1502 1951 1564 Sed
2010 1524 2142 1562 cum
2203 1502 2371 1562 Beda
2430 1501 2641 1575 omnia,

409 1615 560 1672 quae
593 1599 818 1666 narrat,
848 1593 1112 1652 hauserit
1143 1613 1174 1650 e
1205 1594 1474 1652 fabulosa
1505 1592 1591 1652 St.
1615 1591 1899 1652 Germani
1920 1593 2047 1652 vita
2073 1591 2295 1669 (Schell
2320 1613 2377 1669 p.
2404 1590 2485 1650 25
2512 1593 2642 1668 sq.),

409 1685 668 1761 Prosper
711 1681 1112 1760 Aquitanicus
1158 1682 1332 1742 testis
1376 1681 1492 1740 fide
1539 1681 1775 1758 dignior
1818 1689 1909 1742 est
1954 1682 2276 1742 habendus.
2349 1680 2467 1754 Qui
2512 1700 2644 1739 cum

411 1773 774 1834 Germanum
791 1817 806 1846 ,
853 1772 930 1831 ad
977 1769 1288 1830 actionem'
1316 1771 1552 1830 Paladii
1597 1771 1828 1830 diaconi
1876 1793 1911 1830 a
1954 1793 2113 1850 papa
2158 1769 2460 1830 Colestino
2507 1769 2642 1828 mis-

413 1884 542 1922 sum
587 1884 712 1923 esse
757 1862 962 1922 tradat
1007 1861 1271 1936 (chronic
1321 1882 1373 1920 a.
1405 1861 1557 1920 dom.
1591 1861 1739 1919 429.
1771 1881 1951 1938 opera
1981 1860 2069 1919 ed.
2102 1859 2357 1920 Bassani
2392 1859 2557 1918 1782
2591 1857 2643 1930 Ι,

301 2019 305 2024 .
413 1973 470 2030 p.
504 1952 666 2029 4013
709 1951 791 2009 H.
825 1950 942 2009 and
973 1949 1060 2010 St.
1107 1949 1158 2024 Ι,
1205 1971 1262 2028 p.
1304 1952 1408 2027 16)
1456 1951 1541 2009 nil
1585 1955 1776 2010 restat
1818 1951 1883 2009 in
1926 1951 2037 2008 hac
2080 1949 2439 2021 narratione,
2486 1947 2643 2024 quod

417 2040 722 2116 antiquam
752 2039 1070 2099 Britonum
1115 2040 1391 2099 ecclesiae
1433 2060 1566 2098 cum
1599 2039 1909 2098 Gallicana
1953 2039 2419 2098 familiaritatem
2463 2037 2643 2096 fuisse

419 2130 774 2206 comprobet.
819 2128 1326 2188 Familiaritatem
1365 2129 1531 2187 illam
1561 2129 1741 2188 fuisse
1771 2125 2149 2188 nihilominus
2180 2133 2429 2188 constat.
2491 2127 2645 2187 Nam

327 2259 334 2266 -
416 2217 686 2277 nonnulli
715 2217 1030 2278 Britonum
1077 2217 1338 2297 episcopi
1368 2239 1522 2278 anno
1559 2219 1763 2277 314ιιῑιο
1797 2217 2043 2278 concilio
2073 2216 2416 2276 Arelatensi
2460 2215 2643 2274 inter·

415 2309 656 2367 fuerunt
713 2308 818 2384 (H.
865 2307 983 2366 and
1029 2307 1118 2367 St.
1163 2307 1216 2381 Ι,
1261 2313 1340 2385 Ρ.’
1370 2310 1426 2366 7.
1487 2309 1559 2367 cf.
1606 2307 1827 2385 Bright
1872 2329 1927 2384 p.
1980 2309 2015 2365 9
2064 2309 2235 2384 sqq.).
2328 2306 2532 2379 Quod,
2594 2304 2644 2364 si

413 2399 526 2456 hoc
555 2396 864 2456 concilium
897 2403 1132 2457 centum
1179 2396 1350 2456 aunis
1395 2404 1534 2457 ante
1581 2396 1809 2468 fuisset,
1854 2397 2103 2472 alicujus
2147 2395 2429 2454 momenti
2476 2399 2643 2466 esset,

411 2487 496 2546 sic
542 2486 777 2548 nullius.
871 2485 1244 2562 Oonjecturis
1305 2506 1446 2562 ergo
1505 2485 1866 2562 relinquitur
1918 2486 2097 2544 locus.
2186 2485 2530 2544 Muenterus
2586 2489 2647 2542 et

409 2576 584 2635 multi
645 2579 772 2651 ejus
833 2576 1108 2652 aequales
1165 2581 1225 2634 et
1277 2575 1396 2653 ipsi
1449 2577 1574 2650 jam
1621 2574 2065 2634 centuriatores
2110 2572 2647 2650 Magdeburgenses

413 2665 608 2740 (Ceut.
654 2664 740 2738 II,
789 2685 837 2722 c.
888 2665 946 2737 2,
992 2664 1092 2723 fol.
1143 2665 1208 2741 9)
1272 2664 1446 2722 fidem
1509 2663 1892 2724 christianam
1954 2683 2026 2723 ex
2088 2660 2238 2722 Asia
2297 2661 2538 2720 minore·
2580 2661 2642 2720 in

415 2753 794 2814 Britanniam
853 2753 1096 2812 allatam
1157 2772 1282 2812 esse
1340 2752 1570 2831 opinati
1629 2759 1785 2814 sunt.
1891 2751 2065 2827 Quod
2080 2795 2095 2826 ,
2165 2752 2217 2810 si
2276 2750 2645 2829 comprobari

405 2849 632 2922 posset,
678 2864 796 2902 non
843 2842 1272 2920 neglegendum
1319 2849 1474 2903 esset
1503 2843 1563 2902 in
1597 2842 1991 2918 dijudicandis
2022 2841 2297 2902 ecclesiae
2328 2840 2643 2900 Britonum

413 2934 693 2992 moribus.
785 2930 904 2992 Sed
950 2932 1370 3008 quaerentibus
1416 2932 1588 2992 nobis
1604 2977 1618 3006 ,
1669 2932 1813 3010 quid
1858 2932 1996 2991 huic
2038 2930 2337 2991 Muenteri
2381 2930 2645 3008 opinioni

413 3022 768 3081 adminiculo
813 3021 1010 3094 fuerit,
1061 3022 1218 3099 apud
1262 3021 1456 3100 ipsum
1502 3022 1584 3081 nil
1634 3021 1891 3080 occurrit
1935 3021 2051 3080 nisi
2098 3020 2460 3098 computatio
2507 3019 2643 3079 festi

413 3110 725 3189 paschalis,
773 3130 888 3187 qua
917 3109 1195 3172 Britones
1227 3112 1564 3171 utebantur.
1654 3110 1747 3170 At
1775 3111 2055 3170 Britones
2094 3130 2467 3187 nequaquam
2514 3129 2644 3168 cum

415 3199 964 3274 Quartodecimanis
1025 3200 1414 3273 consensisse,
1471 3203 1594 3277 jam
1665 3201 1895 3279 pridem
1955 3199 2068 3260 viri
2114 3198 2274 3258 docti
2318 3198 2645 3256 docuerunt

414 3289 631 3366 (Varin
689 3294 858 3348 mem.
903 3289 990 3362 H,
1052 3311 1108 3367 p.
1172 3289 1298 3347 295
1361 3310 1488 3367 sqq.
1537 3291 1608 3348 cf.
1654 3289 1895 3348 Ebrard
1952 3311 2010 3368 p.
2061 3288 2362 3364 19-78).
2453 3287 2645 3346 Immo

413 3399 542 3438 eam
574 3377 926 3457 opinionem,
974 3398 1091 3454 qua
1134 3379 1325 3438 altera
1369 3379 1472 3436 illa
1501 3379 1797 3438 Muenteri
1825 3378 2146 3451 nitebatur,
2192 3377 2345 3436 hanc
2390 3376 2642 3436 scilicet:

412 3468 728 3528 Britonum
788 3467 1090 3529 ecclesiam
1148 3467 1606 3546 primordiorum
1676 3471 1801 3544 jam
1869 3467 2233 3545 temporibus
2302 3467 2419 3526 alia
2478 3487 2644 3526 usam

414 3579 538 3618 esse
569 3557 1006 3635 computatione
1033 3557 1172 3617 festi
1201 3557 1493 3636 paschalis
1524 3579 1592 3617 ac
1623 3557 1970 3631 Romanam,
2016 3556 2481 3616 commenticiam
2516 3577 2642 3616 esse

413 3647 584 3706 facile
643 3647 1011 3724 comprobari
1075 3652 1290 3726 potest.
1382 3647 1795 3708 Vetustiorum
1856 3646 2011 3706 enim
2070 3647 2423 3724 scriptorum
2480 3645 2644 3706 testi-

414 3736 612 3796 monia
643 3736 935 3796 audienda
980 3736 1150 3797 nobis
1197 3743 1337 3796 sunt
1381 3737 1773 3815 posteriorum
1819 3736 2051 3796 ratione
2096 3756 2216 3794 non
2259 3734 2479 3794 habita.
2569 3735 2645 3793 In

419 3826 632 3902 quibus
679 3826 1106 3886 Constantinus
1151 3827 1477 3905 imperator
1523 3825 1668 3884 haec
1713 3825 1952 3903 scripsit
2010 3825 2073 3885 in
2135 3824 2389 3902 epistula
2435 3824 2509 3883 ad
2556 3845 2645 3896 ec-

419 3915 620 3974 clesias
667 3937 761 3994 ap.
817 3915 1144 3976 Eusebium
1188 3915 1295 3974 vit.
1344 3914 1637 3976 Constant
1681 3914 1803 3988 III,
1856 3916 1885 3972 1
1900 3915 1966 3973 9:
2026 3912 2243 3973 idcirco
2287 3911 2354 3973 id
2398 3933 2647 3995 aequum
2770 3993 2773 3996 ἢ

412 4011 740 4086 rectumque
783 4023 902 4065 esse
947 4024 1140 4065 omma
1173 4001 1663 4085 judicaverim„
1744 4011 1891 4074 .‚ut
1954 4002 2111 4084 quod
2155 4001 2216 4061 in
2262 4001 2401 4061 urbe
2446 3999 2647 4062 Roma

402 4111 628 4174 perque
667 4113 898 4154 omnem
943 4091 1186 4154 Italiam
1232 4137 1246 4151 .
1280 4138 1292 4151 .
1325 4086 1643 4164 ‚Gallias,
1684 4090 2085 4152 Britannias,
2164 4089 2481 4150 .concordi
2524 4108 2643 4148 sen-

413 4182 587 4242 tentia
647 4181 984 4243 observatur
1041 4182 1108 4242 id
1163 4191 1352 4243 vestra
1409 4199 1629 4263 quoque
1682 4179 2005 4262 prudentia
2078 4175 2371 4240 libentibus
2434 4177 2647 4239 ammis

415 4269 957 4352 amplectatur..
1006 4279 1172 4354 atque
1232 4280 1296 4330 ut
1354 4268 1690 4331 summatim
1744 4290 1813 4330 ac
1858 4269 2096 4330 breviter
2140 4265 2367 4338 dicam,
2425 4264 2648 4351 placuit,
