3259 5084
1336 249 1723 304 ..7.-

407 426 762 486 Culdeorum
809 426 1095 504 explicari
1140 447 1256 484 non
1304 430 1536 503 potest,
1584 425 1699 483 nisi
1744 445 1933 502 pauca
1980 430 2157 484 antea
2200 423 2523 484 dixerimus
2568 425 2643 484 de

407 516 764 575 Ouldeorum
812 515 1062 574 historia
1109 523 1170 573 et
1215 521 1445 574 natura.
1517 513 1744 585 Culdei,
1794 534 2042 592 quorum
2089 534 2278 591 neque
2324 514 2481 591 apud
2526 514 2640 573 Be-

407 606 544 664 dam
592 623 778 682 neque
824 604 886 662 in
936 604 1278 664 Adamnani
1322 603 1449 662 vita
1495 601 1820 662 Columbae
1875 603 1973 679 (de
2019 624 2137 679 qua
2183 603 2302 662 vid.
2349 605 2529 680 infra)
2574 604 2644 662 fit

408 695 629 754 mentio
647 739 660 766 ,
721 692 978 771 primum
1024 694 1087 750 in
1132 692 1426 751 Hibernia
1487 692 1866 770 reperiuntur
1924 694 2154 751 saeculo
2214 693 2463 752 fortasse
2517 696 2641 769 J'am

407 784 656 860 sept-imo
717 781 938 859 (Skene
986 782 1072 853 ΙΙ,
1134 802 1193 859 p.
1244 783 1404 852 2513
1474 781 1552 838 H.
1601 780 1718 840 and
1764 779 1854 841 St.
1900 781 1993 854 Π,
2045 783 2101 854 1,
2159 803 2216 859 p.
2270 783 2418 857 118)
2482 788 2643 840 certo

407 878 617 932 octavo
650 872 756 948 (H.
787 871 904 930 and
936 870 1024 930 St.
1055 870 1142 944 II,
1183 873 1234 943 1,
1275 892 1332 949 p.
1373 870 1522 945 175)
1568 870 1634 928 in
1665 868 1869 929 Scotia
1914 891 2034 928 non
2078 877 2217 928 ante
2264 891 2479 930 annum
2513 871 2638 929 842

407 962 513 1037 (Η.
544 961 661 1020 and
693 959 782 1018 St.
813 959 900 1033 II,
940 962 992 1034 1,
1033 981 1092 1038 p.
1132 961 1255 1018 118
1289 966 1349 1018 et
1378 982 1435 1037 p.
1476 959 1645 1036 147),
1692 979 1883 1035 neque
1928 965 2127 1038 potest
2172 959 2453 1031 dubitari,
2499 960 2642 1036 quin

407 1059 550 1110 tunc
595 1050 706 1108 hac
753 1049 993 1108 notione
1039 1049 1359 1126 significati
1404 1048 1526 1108 sint
1571 1049 1843 1106 monachi
1888 1047 2203 1107 strictioris
2233 1049 2643 1108 observantiae

411 1140 516 1214 (H.
549 1138 666 1197 and
699 1137 786 1197 St.
833 1137 918 1210 ΙΙ,
971 1140 1024 1210 1,
1072 1160 1127 1216 p.
1169 1137 1310 1209 175,
1359 1137 1554 1196 Skene
1599 1136 1687 1209 II,
1734 1158 1791 1215 p.
1828 1137 1981 1212 252)
2028 1137 2298 1215 inprimis
2344 1137 2643 1196 eremitae.

410 1228 529 1302 Qui
574 1247 704 1286 cum
752 1247 1189 1303 nonnumquam
1253 1226 1411 1304 apud
1459 1233 1689 1285 veteres
1750 1227 2035 1304 appellati
2098 1226 2219 1284 sint
2286 1226 2641 1300 „deicolae“,

409 1321 574 1394 cujus
619 1317 705 1374 rei
750 1316 1090 1375 testimonia
1136 1315 1399 1374 invenies
1445 1315 1602 1393 apud
1652 1313 1937 1374 Skenium
1968 1315 2055 1386 II,
2101 1337 2159 1393 p.
2196 1316 2340 1387 238,
2388 1315 2643 1375 Skenius

408 1409 652 1466 verbum
705 1404 1060 1480 „Oeile-De“
1113 1404 1270 1462 idem
1319 1425 1446 1463 esse
1493 1410 1695 1481 putat.
1756 1404 1915 1480 quod
1960 1404 2251 1477 deicolae,
2322 1404 2642 1483 eademque

405 1495 479 1554 de
527 1515 702 1554 causa
747 1495 1022 1554 eremitas
1068 1494 1128 1552 in
1176 1493 1475 1553 Hibernia
1529 1492 1887 1567 „Oeile-De“
1959 1493 2083 1552 sive
2130 1492 2381 1553 Ouldeos
2441 1493 2639 1572 appel·

401 1585 554 1644 latos
604 1604 729 1644 esse
776 1584 1058 1662 opinatur
1104 1583 1214 1659 (II,
1261 1604 1320 1660 p.
1371 1583 1544 1660 251).
1635 1582 1915 1641 Profecto
1970 1581 2224 1641 Skenius
2282 1582 2452 1642 nobis
2513 1603 2640 1660 per·

402 1674 692 1746 suaderet,
739 1673 857 1732 nisi
887 1674 1030 1732 haec
1062 1672 1361 1732 sententia
1407 1675 1532 1748 ejus
1579 1672 1906 1730 arctissime
1952 1680 2105 1731 esset
2150 1675 2465 1747 conjuncta
2510 1693 2641 1730 cum

399 1765 604 1837 altera,
655 1783 831 1840 quam
877 1762 1087 1822 falsam
1133 1781 1260 1820 esse
1307 1760 1580 1838 equidem
1627 1781 1969 1839 persuasum
2014 1761 2161 1819 mihi
2204 1762 2411 1820 habeo.
2499 1761 2640 1820 Per·

403 1873 608 1931 peram
654 1852 811 1910 enim
859 1852 1048 1929 ipsam
1094 1850 1471 1910 eremitarum
1503 1850 1747 1909 vivendi
1792 1851 2083 1908 rationem
2130 1851 2361 1910 saeculo
2409 1850 2640 1908 demum

404 1941 656 2019 septimo
714 1941 778 1998 in
824 1940 1117 2000 Hibernia
1180 1939 1582 2017 percrebuisse
1644 1939 1816 1998 docet
1863 1941 1958 2015 (cf.
2005 1939 2204 2016 infra).
2298 1940 2463 2013 Quae
2511 1959 2641 1998 cum

411 2031 497 2089 ita
543 2029 665 2088 sint
680 2074 695 2102 ,
743 2049 894 2107 quae
939 2030 1019 2088 sit
1064 2029 1315 2088 nominis
1363 2028 1721 2088 Culdeorum
1767 2029 1932 2106 origo
1980 2033 2041 2088 et
2084 2029 2430 2107 principalis
2476 2029 2641 2087 verbi

407 2118 763 2195 significatio
782 2163 797 2191 ‚
865 2119 926 2177 in
973 2117 1163 2177 medio
1209 2118 1659 2194 relinquendum
1708 2124 1827 2190 est,
1898 2117 2083 2176 donec
2145 2119 2425 2177 tenebrae
2486 2118 2639 2190 illae,

407 2208 622 2285 quibus
666 2207 804 2266 inde
851 2208 928 2266 ab
974 2228 1127 2267 anno
1179 2207 1384 2265 700¹¹¹⁰
1429 2227 1612 2283 usque
1660 2207 1737 2266 ad
1782 2227 2001 2267 annum
2046 2208 2169 2265 fere
2207 2209 2502 2266 ΙΟΟΟΙΜΜι
2548 2227 2638 2266 ec·-

403 2296 732 2356 clesiastica
793 2295 1103 2356 Scotorum
1161 2296 1412 2356 historia
1471 2298 1824 2356 obscuratur
1839 2341 1853 2369 ,
1918 2303 2347 2356 removeantur.
2452 2296 2640 2357 Nobis

400 2387 512 2445 hoc
572 2385 889 2444 dolendum
955 2405 1072 2444 non
1138 2393 1256 2460 est,
1328 2405 1466 2444 nam
1529 2386 1601 2444 de
1669 2384 1909 2444 Ouldeis
1976 2385 2214 2444 omnino
2275 2385 2454 2444 verba
2521 2405 2638 2443 non

403 2475 686 2548 fecissem,
733 2474 851 2534 nisi
896 2496 1208 2554 perperam
1240 2475 1550 2535 Ebrardus
1595 2475 1707 2533 hoc
1754 2474 1989 2532 nomine
2036 2474 2395 2552 appellasset
2439 2493 2639 2532 omnes

401 2564 621 2644 prioris
669 2584 905 2642 quoque
949 2563 1234 2641 temporis
1281 2563 1521 2636 Scotos,
1582 2563 1857 2641 patribus
1873 2607 1887 2634 ,
1948 2567 2017 2621 ut
2060 2563 2147 2621 ita
2192 2562 2413 2636 dicam,
2484 2562 2637 2621 dele·

405 2674 580 2730 gans,
653 2655 810 2731 quod
856 2654 928 2712 de
975 2653 1116 2712 solis
1159 2651 1300 2712 filiis
1347 2659 1598 2712 constat.
1690 2652 1857 2725 Quae
1903 2651 2335 2729 perquirendae
2382 2651 2638 2728 antiqui-

405 2743 547 2802 tatis
605 2743 758 2802 ratio
819 2763 997 2819 quam
1056 2742 1286 2802 lubrica
1346 2748 1408 2801 et
1467 2741 1651 2800 dubia
1704 2741 1943 2800 omnino
1998 2741 2109 2811 sit,
2179 2741 2289 2799 hoc
2334 2741 2461 2819 ipso
2507 2741 2637 2800 loco

405 2838 614 2911 sponte
674 2838 942 2910 apparet.
1033 2831 1188 2892 Nam
1236 2830 1490 2890 Ouldeos
1506 2876 1520 2904 ,
1591 2850 1739 2907 quos
1800 2832 2033 2889 saeculo
2096 2837 2305 2890 octavo
2368 2831 2641 2890 eremitas

402 2922 582 2980 fuisse
626 2920 975 2994 invenimus,
1025 2921 1257 2980 eosdem
1303 2920 1498 2980 tribus
1543 2921 1639 2980 vel
1686 2927 1943 2997 quatuor
1987 2920 2239 2980 saeculis
2282 2927 2421 2999 post
2466 2940 2637 2978 cano·

402 3011 564 3069 nicos
625 3010 807 3069 fuisse
873 3010 1120 3070 historia
1178 3010 1370 3070 docet.
1461 3009 1637 3083 Quod
1698 3009 1853 3069 unde
1914 3011 2136 3068 factum
2188 3009 2299 3083 sit,
2368 3008 2640 3082 Skenius,

405 3120 535 3158 cum
583 3106 746 3158 certa
791 3099 864 3158 de
908 3099 1271 3178 temporibus
1315 3099 1820 3158 intercedentibus
1880 3099 2219 3158 testimonia
2280 3098 2507 3169 desint,
2570 3119 2641 3156 ex

402 3187 624 3248 fabulis
669 3188 972 3248 enucleare
1017 3196 1264 3249 conatus
1317 3196 1408 3248 est
1455 3188 1567 3264 (H,
1611 3210 1671 3266 p.
1721 3186 1867 3246 254.
1917 3189 2091 3265 276),
2160 3188 2431 3263 equidem
2485 3188 2640 3246 malo

402 3277 580 3338 fateri
623 3277 847 3337 nescire
893 3298 1016 3352 nos,
1064 3280 1222 3356 quod
1261 3278 1606 3337 nesciamus.
1697 3277 2005 3337 Nescimus
2050 3277 2251 3355 igitur,
2298 3276 2534 3352 quando
2581 3283 2643 3336 et

401 3367 620 3445 quibus
677 3369 853 3426 rebus
915 3366 1192 3428 commoti
1237 3367 1448 3426 Culdei
1495 3366 1892 3425 canonicalem
1938 3365 2197 3444 amplexi
2256 3366 2377 3425 sint
2440 3365 2639 3438 vitam,

403 3455 692 3516 nescimus
739 3476 1005 3534 quoque,
1079 3457 1315 3535 quando
1363 3462 1426 3516 et
1470 3456 1687 3532 quibus
1734 3455 1807 3514 de
1854 3456 2043 3515 causis
2104 3454 2419 3534 disciplina
2480 3455 2641 3534 apud

404 3566 503 3605 eos
550 3546 808 3624 collapsa
865 3547 960 3607 sit.
1051 3545 1334 3606 Forsitan
1395 3545 1565 3607 bellis
1581 3589 1596 3620 ,
1670 3565 1821 3622 quae
1866 3543 2061 3605 Scotis
2106 3565 2239 3604 cum
2284 3545 2641 3606 Normannis

403 3635 662 3712 gerenda
709 3641 894 3706 erant,
940 3637 1164 3695 factum
1211 3636 1308 3708 sit,
1353 3641 1423 3695 ut
1454 3634 1767 3695 Scotorum
1812 3634 2057 3694 ecclesia
2102 3634 2470 3712 temporibus
2514 3632 2640 3693 Scti

401 3724 698 3784 Bernardi
729 3724 1186 3784 Olaravallensis
1217 3724 1487 3784 nonnihil
1519 3724 1637 3782 alia
1668 3724 1942 3784 videatur
1988 3744 2129 3796 esse,
2176 3728 2357 3800 atque
2402 3722 2641 3782 ineunte

405 3834 549 3873 aevo
609 3813 820 3873 medio.
931 3814 1086 3875 Nam
1147 3834 1264 3873 non
1312 3814 1422 3873 soli
1483 3813 1694 3873 Ouldei
1752 3820 2027 3872 naturam
2092 3819 2471 3871 mutaverunt
2538 3811 2642 3871 sed
2712 3883 2718 3888 .

407 3903 603 3976 etiam,
647 3912 718 3964 ut
763 3904 918 3963 infra
963 3904 1199 3983 saepius
1245 3902 1590 3975 videbimus,
1639 3922 1831 3961 mores
1876 3906 1937 3959 et
1980 3901 2132 3962 ritus
2178 3900 2281 3961 alii
2324 3907 2642 3960 occurrunt

405 3993 637 4052 saeculo
683 3993 1051 4068 duodecimo,
1099 3993 1204 4054 alii
1247 3991 1546 4072 prioribus
1591 3991 1973 4070 temporibus.

583 4084 751 4158 Quae
812 4103 942 4142 cum
1001 4084 1089 4144 ita
1149 4083 1269 4142 sint
1284 4126 1299 4156 ‚
1369 4081 1499 4139 luce
1546 4080 1763 4140 clarius
1824 4087 1915 4139 est
1974 4079 2393 4156 quaerentibus
2454 4077 2639 4152 nobis,

405 4173 609 4248 quales
653 4171 877 4231 fuerint
921 4173 1202 4248 antiquae
1247 4169 1564 4229 Britonum
1611 4169 2040 4245 Scotorumque
2097 4167 2373 4227 ecclesiae
2430 4186 2639 4241 mores,

406 4280 558 4338 quae
602 4261 759 4321 ratio
805 4261 1082 4319 credendi
1128 4266 1189 4319 et
1232 4258 1505 4331 vivendi,
1573 4259 1796 4318 saeculi
1856 4256 2149 4317 undecimi
2204 4261 2265 4316 et
2310 4255 2641 4316 duodecimi

404 4370 602 4410 rerum
649 4350 938 4410 rationem
986 4349 1238 4427 amplius
1282 4348 1612 4410 habendam
1657 4367 1776 4408 non
1824 4367 1978 4419 esse3
2046 4345 2224 4406 immo
2278 4345 2419 4406 solis
2464 4346 2640 4408 certis
