<?xml version="1.0" encoding="UTF-8"?>
<!DOCTYPE html PUBLIC "-//W3C//DTD XHTML 1.0 Transitional//EN"
    "http://www.w3.org/TR/xhtml1/DTD/xhtml1-transitional.dtd">
<html xmlns="http://www.w3.org/1999/xhtml" xml:lang="en" lang="en">
 <head>
  <title>
</title>
<meta http-equiv="Content-Type" content="text/html;charset=utf-8" />
  <meta name='ocr-system' content='tesseract 3.04.00' />
  <meta name='ocr-capabilities' content='ocr_page ocr_carea ocr_par ocr_line ocrx_word'/>
</head>
<body>
  <div class='ocr_page' id='page_1' title='image "./antiquaebritonu02loofgoog_0042.png"; bbox 0 0 3259 5084; ppageno 0'>
   <div class='ocr_carea' id='block_1_1' title="bbox 1528 234 1971 292">
    <p class='ocr_par' dir='ltr' id='par_1_1' title="bbox 1528 234 1971 292">
     <span class='ocr_line' id='line_1_1' title="bbox 1528 234 1971 292; baseline -0.002 -14"><span class='ocrx_word' id='word_1_1' title='bbox 1528 234 1971 292; x_wconf 75' lang='lat'><strong>—34—</strong></span> 
     </span>
    </p>
   </div>
   <div class='ocr_carea' id='block_1_2' title="bbox 621 409 2875 4131">
    <p class='ocr_par' dir='ltr' id='par_1_2' title="bbox 680 409 2870 578">
     <span class='ocr_line' id='line_1_2' title="bbox 680 409 2870 487; baseline -0.001 -16"><span class='ocrx_word' id='word_1_2' title='bbox 680 415 736 471; x_wconf 99' lang='grc'><strong>2.</strong></span> <span class='ocrx_word' id='word_1_3' title='bbox 771 412 1040 485; x_wconf 77' lang='lat' dir='ltr'><strong>Quatuor</strong></span> <span class='ocrx_word' id='word_1_4' title='bbox 1100 412 1516 470; x_wconf 75' lang='lat' dir='ltr'><strong>annotationes</strong></span> <span class='ocrx_word' id='word_1_5' title='bbox 1575 411 1701 469; x_wconf 88' lang='lat' dir='ltr'><strong>sine</strong></span> <span class='ocrx_word' id='word_1_6' title='bbox 1748 411 1983 469; x_wconf 90' lang='lat' dir='ltr'><strong>nomine</strong></span> <span class='ocrx_word' id='word_1_7' title='bbox 2030 411 2287 487; x_wconf 86' lang='lat' dir='ltr'><strong>scriptae</strong></span> <span class='ocrx_word' id='word_1_8' title='bbox 2342 445 2427 454; x_wconf 94' lang='lat'>—</span> <span class='ocrx_word' id='word_1_9' title='bbox 2480 409 2737 470; x_wconf 88' lang='lat' dir='ltr'><strong>Betham</strong></span> <span class='ocrx_word' id='word_1_10' title='bbox 2784 409 2870 482; x_wconf 90' lang='grc' dir='ltr'><strong>Π,</strong></span> 
     </span>
     <span class='ocr_line' id='line_1_3' title="bbox 765 501 1382 578; baseline 0 -20"><span class='ocrx_word' id='word_1_11' title='bbox 765 521 902 578; x_wconf 85' lang='lat' dir='ltr'><strong>app.</strong></span> <span class='ocrx_word' id='word_1_12' title='bbox 947 523 1022 577; x_wconf 92' lang='lat' dir='ltr'><strong>p..</strong></span> <span class='ocrx_word' id='word_1_13' title='bbox 1054 501 1249 560; x_wconf 90' lang='lat' dir='ltr'><strong>XVII</strong></span> <span class='ocrx_word' id='word_1_14' title='bbox 1295 521 1382 577; x_wconf 89' lang='lat' dir='ltr'><strong>sq.</strong></span> 
     </span>
    </p>

    <p class='ocr_par' dir='ltr' id='par_1_3' title="bbox 677 585 2875 1111">
     <span class='ocr_line' id='line_1_4' title="bbox 677 585 2875 666; baseline -0.001 -17"><span class='ocrx_word' id='word_1_15' title='bbox 677 593 736 649; x_wconf 88' lang='lat'><strong>3.</strong></span> <span class='ocrx_word' id='word_1_16' title='bbox 767 590 948 648; x_wconf 84' lang='lat' dir='ltr'><strong>Dicta</strong></span> <span class='ocrx_word' id='word_1_17' title='bbox 992 589 1266 662; x_wconf 83' lang='lat' dir='ltr'><strong>Patricii,</strong></span> <span class='ocrx_word' id='word_1_18' title='bbox 1329 610 1480 666; x_wconf 86' lang='lat' dir='ltr'><strong>quae</strong></span> <span class='ocrx_word' id='word_1_19' title='bbox 1541 587 1633 647; x_wconf 87' lang='lat' dir='ltr'><strong>his</strong></span> <span class='ocrx_word' id='word_1_20' title='bbox 1690 589 1886 646; x_wconf 88' lang='lat' dir='ltr'><strong>verbis</strong></span> <span class='ocrx_word' id='word_1_21' title='bbox 1932 589 2155 666; x_wconf 86' lang='lat' dir='ltr'><strong>scripta</strong></span> <span class='ocrx_word' id='word_1_22' title='bbox 2200 593 2369 647; x_wconf 85' lang='lat' dir='ltr'><strong>sunt.</strong></span> <span class='ocrx_word' id='word_1_23' title='bbox 2436 585 2731 646; x_wconf 79' lang='lat' dir='ltr'><strong>TimOrem</strong></span> <span class='ocrx_word' id='word_1_24' title='bbox 2776 585 2875 646; x_wconf 80' lang='lat' dir='ltr'><strong>dei</strong></span> 
     </span>
     <span class='ocr_line' id='line_1_5' title="bbox 765 671 2872 759; baseline -0.001 -23"><span class='ocrx_word' id='word_1_25' title='bbox 765 676 947 737; x_wconf 72' lang='lat' dir='ltr'><strong>habui</strong></span> <span class='ocrx_word' id='word_1_26' title='bbox 987 677 1198 738; x_wconf 82' lang='lat' dir='ltr'><strong>ducem</strong></span> <span class='ocrx_word' id='word_1_27' title='bbox 1239 676 1456 736; x_wconf 62' lang='lat' dir='ltr'><strong>itinmis</strong></span> <span class='ocrx_word' id='word_1_28' title='bbox 1502 675 1618 736; x_wconf 76' lang='lat' dir='ltr'><strong>mei</strong></span> <span class='ocrx_word' id='word_1_29' title='bbox 1649 696 1765 759; x_wconf 78' lang='lat' dir='ltr'><strong>per</strong></span> <span class='ocrx_word' id='word_1_30' title='bbox 1812 671 2045 738; x_wconf 73' lang='lat' dir='ltr'><strong>Gallias</strong></span> <span class='ocrx_word' id='word_1_31' title='bbox 2088 685 2259 757; x_wconf 74' lang='lat' dir='ltr'><strong>atque</strong></span> <span class='ocrx_word' id='word_1_32' title='bbox 2306 673 2550 736; x_wconf 77' lang='lat' dir='ltr'><strong>Italiam</strong></span> <span class='ocrx_word' id='word_1_33' title='bbox 2596 675 2771 736; x_wconf 79' lang='lat' dir='ltr'><strong>etiam</strong></span> <span class='ocrx_word' id='word_1_34' title='bbox 2808 674 2872 734; x_wconf 78' lang='lat' dir='ltr'><strong>in</strong></span> 
     </span>
     <span class='ocr_line' id='line_1_6' title="bbox 764 757 2871 848; baseline -0 -23"><span class='ocrx_word' id='word_1_35' title='bbox 764 765 979 838; x_wconf 72' lang='lat' dir='ltr'><strong>imolis,</strong></span> <span class='ocrx_word' id='word_1_36' title='bbox 1025 787 1174 848; x_wconf 79' lang='lat' dir='ltr'><strong>quae</strong></span> <span class='ocrx_word' id='word_1_37' title='bbox 1219 775 1350 825; x_wconf 65' lang='lat' dir='ltr'><strong>sumt</strong></span> <span class='ocrx_word' id='word_1_38' title='bbox 1392 764 1456 824; x_wconf 79' lang='lat' dir='ltr'><strong>in</strong></span> <span class='ocrx_word' id='word_1_39' title='bbox 1484 764 1645 824; x_wconf 71' lang='lat' dir='ltr'><strong>mam·</strong></span> <span class='ocrx_word' id='word_1_40' title='bbox 1682 763 1949 824; x_wconf 74' lang='lat' dir='ltr'><strong>Terreno-</strong></span> <span class='ocrx_word' id='word_1_41' title='bbox 2025 761 2124 824; x_wconf 85' lang='lat' dir='ltr'><strong>De</strong></span> <span class='ocrx_word' id='word_1_42' title='bbox 2154 762 2381 826; x_wconf 75' lang='lat' dir='ltr'><strong>saeculo</strong></span> <span class='ocrx_word' id='word_1_43' title='bbox 2410 763 2753 844; x_wconf 71' lang='lat' dir='ltr'><strong>requissistis</strong></span> <span class='ocrx_word' id='word_1_44' title='bbox 2784 757 2871 844; x_wconf 60' lang='grc'><strong>(9)</strong></span> 
     </span>
     <span class='ocr_line' id='line_1_7' title="bbox 764 851 2867 935; baseline -0.001 -21"><span class='ocrx_word' id='word_1_45' title='bbox 764 855 848 914; x_wconf 80' lang='lat' dir='ltr'><strong>ad</strong></span> <span class='ocrx_word' id='word_1_46' title='bbox 889 853 1288 916; x_wconf 66' lang='lat' dir='ltr'><strong>Paradissum</strong></span> <span class='ocrx_word' id='word_1_47' title='bbox 1333 854 1442 916; x_wconf 80' lang='lat' dir='ltr'><strong>deo</strong></span> <span class='ocrx_word' id='word_1_48' title='bbox 1482 852 1711 935; x_wconf 68' lang='lat' dir='ltr'><strong>qratias</strong></span> <span class='ocrx_word' id='word_1_49' title='bbox 1754 851 2029 914; x_wconf 76' lang='lat' dir='ltr'><strong>aecclesia</strong></span> <span class='ocrx_word' id='word_1_50' title='bbox 2076 851 2385 914; x_wconf 77' lang='lat' dir='ltr'><em>Scotorum</em></span> <span class='ocrx_word' id='word_1_51' title='bbox 2428 853 2610 912; x_wconf 81' lang='lat' dir='ltr'><strong>immo</strong></span> <span class='ocrx_word' id='word_1_52' title='bbox 2642 851 2867 913; x_wconf 83' lang='lat' dir='ltr'><strong>Roma-</strong></span> 
     </span>
     <span class='ocr_line' id='line_1_8' title="bbox 761 940 2871 1018; baseline -0.001 -15"><span class='ocrx_word' id='word_1_53' title='bbox 761 964 1002 1018; x_wconf 74' lang='lat' dir='ltr'><strong>norum,</strong></span> <span class='ocrx_word' id='word_1_54' title='bbox 1065 953 1127 1003; x_wconf 77' lang='lat' dir='ltr'><strong>ut</strong></span> <span class='ocrx_word' id='word_1_55' title='bbox 1176 941 1496 1003; x_wconf 71' lang='lat' dir='ltr'><strong>Christiani</strong></span> <span class='ocrx_word' id='word_1_56' title='bbox 1551 942 1635 1000; x_wconf 71' lang='lat' dir='ltr'><strong>ita</strong></span> <span class='ocrx_word' id='word_1_57' title='bbox 1692 952 1756 1002; x_wconf 78' lang='lat' dir='ltr'><strong>ut</strong></span> <span class='ocrx_word' id='word_1_58' title='bbox 1800 940 2068 1002; x_wconf 73' lang='lat' dir='ltr'><strong>Romani</strong></span> <span class='ocrx_word' id='word_1_59' title='bbox 2124 941 2246 1002; x_wconf 70' lang='lat' dir='ltr'><strong>sitia</strong></span> <span class='ocrx_word' id='word_1_60' title='bbox 2301 948 2359 1001; x_wconf 88' lang='lat' dir='ltr'><strong>et</strong></span> <span class='ocrx_word' id='word_1_61' title='bbox 2406 949 2603 1002; x_wconf 88' lang='lat' dir='ltr'><strong>cetera</strong></span> <span class='ocrx_word' id='word_1_62' title='bbox 2648 943 2871 1001; x_wconf 84' lang='lat' dir='ltr'><strong>leviora</strong></span> 
     </span>
     <span class='ocr_line' id='line_1_9' title="bbox 765 1032 1786 1111; baseline -0.001 -20"><span class='ocrx_word' id='word_1_63' title='bbox 765 1033 1045 1109; x_wconf 85' lang='lat' dir='ltr'><strong>(Botham</strong></span> <span class='ocrx_word' id='word_1_64' title='bbox 1091 1033 1177 1106; x_wconf 89' lang='lat' dir='ltr'><strong>II,</strong></span> <span class='ocrx_word' id='word_1_65' title='bbox 1224 1054 1360 1111; x_wconf 84' lang='lat' dir='ltr'><strong>app.</strong></span> <span class='ocrx_word' id='word_1_66' title='bbox 1407 1053 1463 1108; x_wconf 89' lang='lat' dir='ltr'><strong>p.</strong></span> <span class='ocrx_word' id='word_1_67' title='bbox 1511 1032 1786 1107; x_wconf 88' lang='lat' dir='ltr'><strong>XVIII).</strong></span> 
     </span>
    </p>

    <p class='ocr_par' dir='ltr' id='par_1_4' title="bbox 677 1116 2870 2352">
     <span class='ocr_line' id='line_1_10' title="bbox 677 1116 2869 1202; baseline -0 -22"><span class='ocrx_word' id='word_1_68' title='bbox 677 1123 734 1181; x_wconf 89' lang='lat'><strong>4.</strong></span> <span class='ocrx_word' id='word_1_69' title='bbox 770 1122 1085 1180; x_wconf 79' lang='lat' dir='ltr'><strong>Tirechani</strong></span> <span class='ocrx_word' id='word_1_70' title='bbox 1132 1122 1548 1180; x_wconf 87' lang='lat' dir='ltr'><strong>annotationes</strong></span> <span class='ocrx_word' id='word_1_71' title='bbox 1580 1121 1861 1196; x_wconf 87' lang='lat' dir='ltr'><strong>(Betham</strong></span> <span class='ocrx_word' id='word_1_72' title='bbox 1907 1121 1944 1178; x_wconf 91' lang='lat'><strong>1.</strong></span> <span class='ocrx_word' id='word_1_73' title='bbox 1992 1142 2039 1179; x_wconf 89' lang='lat' dir='ltr'><strong>c.</strong></span> <span class='ocrx_word' id='word_1_74' title='bbox 2070 1142 2127 1198; x_wconf 92' lang='lat' dir='ltr'><strong>p.</strong></span> <span class='ocrx_word' id='word_1_75' title='bbox 2158 1116 2777 1180; x_wconf 84' lang='lat' dir='ltr'><strong>XVIII—XXXIV</strong></span> <span class='ocrx_word' id='word_1_76' title='bbox 2800 1119 2869 1202; x_wconf 88' lang='lat'><strong>¹),</strong></span> 
     </span>
     <span class='ocr_line' id='line_1_11' title="bbox 763 1205 2870 1291; baseline -0.001 -23"><span class='ocrx_word' id='word_1_77' title='bbox 763 1231 908 1291; x_wconf 74' lang='lat' dir='ltr'><strong>quas</strong></span> <span class='ocrx_word' id='word_1_78' title='bbox 939 1209 1167 1290; x_wconf 72' lang='lat' dir='ltr'><strong>scripsit</strong></span> <span class='ocrx_word' id='word_1_79' title='bbox 1207 1229 1277 1269; x_wconf 67' lang='lat' dir='ltr'><strong>em</strong></span> <span class='ocrx_word' id='word_1_80' title='bbox 1307 1229 1406 1269; x_wconf 76' lang='lat' dir='ltr'><strong>ore</strong></span> <span class='ocrx_word' id='word_1_81' title='bbox 1438 1206 1522 1268; x_wconf 82' lang='lat' dir='ltr'><strong>vel</strong></span> <span class='ocrx_word' id='word_1_82' title='bbox 1549 1205 1697 1268; x_wconf 72' lang='lat' dir='ltr'><strong>libro</strong></span> <span class='ocrx_word' id='word_1_83' title='bbox 1738 1205 1943 1268; x_wconf 80' lang='lat' dir='ltr'><strong>Ultam‘</strong></span> <span class='ocrx_word' id='word_1_84' title='bbox 1971 1208 2225 1290; x_wconf 65' lang='lat' dir='ltr'><strong>epascopi</strong></span> <span class='ocrx_word' id='word_1_85' title='bbox 2252 1207 2415 1289; x_wconf 78' lang='lat' dir='ltr'><strong>cujus</strong></span> <span class='ocrx_word' id='word_1_86' title='bbox 2445 1208 2569 1290; x_wconf 76' lang='lat' dir='ltr'><strong>ipse</strong></span> <span class='ocrx_word' id='word_1_87' title='bbox 2598 1207 2870 1268; x_wconf 77' lang='lat' dir='ltr'><strong>alumnus</strong></span> 
     </span>
     <span class='ocr_line' id='line_1_12' title="bbox 765 1295 2869 1381; baseline 0 -25"><span class='ocrx_word' id='word_1_88' title='bbox 765 1295 856 1358; x_wconf 79' lang='lat' dir='ltr'><strong>vel</strong></span> <span class='ocrx_word' id='word_1_89' title='bbox 901 1296 1220 1378; x_wconf 64' lang='lat' dir='ltr'><strong>discipulus</strong></span> <span class='ocrx_word' id='word_1_90' title='bbox 1249 1296 1376 1381; x_wconf 79' lang='lat' dir='ltr'><strong>fuit</strong></span> <span class='ocrx_word' id='word_1_91' title='bbox 1421 1299 1483 1374; x_wconf 94' lang='lat' dir='ltr'><strong>(l.</strong></span> <span class='ocrx_word' id='word_1_92' title='bbox 1515 1321 1564 1358; x_wconf 89' lang='lat' dir='ltr'><strong>c.</strong></span> <span class='ocrx_word' id='word_1_93' title='bbox 1595 1319 1653 1374; x_wconf 90' lang='lat' dir='ltr'><strong>p.</strong></span> <span class='ocrx_word' id='word_1_94' title='bbox 1685 1298 1916 1356; x_wconf 87' lang='lat' dir='ltr'><strong>XVIII</strong></span> <span class='ocrx_word' id='word_1_95' title='bbox 1964 1300 2035 1356; x_wconf 87' lang='lat' dir='ltr'><strong>cf.</strong></span> <span class='ocrx_word' id='word_1_96' title='bbox 2083 1299 2146 1358; x_wconf 91' lang='lat' dir='ltr'><strong>in</strong></span> <span class='ocrx_word' id='word_1_97' title='bbox 2191 1299 2337 1376; x_wconf 83' lang='lat' dir='ltr'><strong>ipsis</strong></span> <span class='ocrx_word' id='word_1_98' title='bbox 2383 1299 2869 1358; x_wconf 77' lang='lat' dir='ltr'><strong>annotationibus</strong></span> 
     </span>
     <span class='ocr_line' id='line_1_13' title="bbox 763 1382 2869 1469; baseline 0.001 -25"><span class='ocrx_word' id='word_1_99' title='bbox 763 1409 820 1466; x_wconf 90' lang='lat' dir='ltr'><strong>p.</strong></span> <span class='ocrx_word' id='word_1_100' title='bbox 853 1387 1021 1445; x_wconf 89' lang='lat' dir='ltr'><strong>XIX</strong></span> <span class='ocrx_word' id='word_1_101' title='bbox 1065 1395 1342 1459; x_wconf 73' lang='lat' dir='ltr'><strong>„testante</strong></span> <span class='ocrx_word' id='word_1_102' title='bbox 1385 1384 1531 1446; x_wconf 64' lang='lat' dir='ltr'><strong>mihi</strong></span> <span class='ocrx_word' id='word_1_103' title='bbox 1569 1382 1782 1446; x_wconf 78' lang='lat' dir='ltr'><strong>Ultano</strong></span> <span class='ocrx_word' id='word_1_104' title='bbox 1828 1385 2181 1469; x_wconf 59' lang='lat' dir='ltr'><strong>qaiscopo“).</strong></span> <span class='ocrx_word' id='word_1_105' title='bbox 2256 1388 2391 1446; x_wconf 86' lang='lat' dir='ltr'><strong>Hae</strong></span> <span class='ocrx_word' id='word_1_106' title='bbox 2438 1387 2869 1460; x_wconf 85' lang='lat' dir='ltr'><strong>annotationes,</strong></span> 
     </span>
     <span class='ocr_line' id='line_1_14' title="bbox 763 1476 2865 1554; baseline -0 -20"><span class='ocrx_word' id='word_1_107' title='bbox 763 1477 815 1534; x_wconf 87' lang='lat' dir='ltr'><strong>si</strong></span> <span class='ocrx_word' id='word_1_108' title='bbox 875 1477 1022 1534; x_wconf 87' lang='lat' dir='ltr'><strong>fides</strong></span> <span class='ocrx_word' id='word_1_109' title='bbox 1081 1476 1198 1554; x_wconf 88' lang='lat' dir='ltr'><strong>ipsi</strong></span> <span class='ocrx_word' id='word_1_110' title='bbox 1257 1477 1490 1536; x_wconf 87' lang='lat' dir='ltr'><strong>auctori</strong></span> <span class='ocrx_word' id='word_1_111' title='bbox 1546 1481 1637 1535; x_wconf 85' lang='lat' dir='ltr'><strong>est</strong></span> <span class='ocrx_word' id='word_1_112' title='bbox 1690 1477 1987 1548; x_wconf 86' lang='lat' dir='ltr'><strong>habenda,</strong></span> <span class='ocrx_word' id='word_1_113' title='bbox 2050 1497 2182 1535; x_wconf 91' lang='lat' dir='ltr'><strong>cum</strong></span> <span class='ocrx_word' id='word_1_114' title='bbox 2228 1476 2487 1536; x_wconf 87' lang='lat' dir='ltr'><strong>Ultanus</strong></span> <span class='ocrx_word' id='word_1_115' title='bbox 2534 1497 2689 1536; x_wconf 88' lang='lat' dir='ltr'><strong>anno</strong></span> <span class='ocrx_word' id='word_1_116' title='bbox 2722 1476 2865 1533; x_wconf 27' lang='lat'><strong>&lt;657</strong></span> 
     </span>
     <span class='ocr_line' id='line_1_15' title="bbox 763 1564 2868 1643; baseline -0 -20"><span class='ocrx_word' id='word_1_117' title='bbox 763 1565 978 1624; x_wconf 85' lang='lat' dir='ltr'><strong>obiisse</strong></span> <span class='ocrx_word' id='word_1_118' title='bbox 1024 1565 1302 1624; x_wconf 85' lang='lat' dir='ltr'><strong>tradatur</strong></span> <span class='ocrx_word' id='word_1_119' title='bbox 1333 1565 1554 1642; x_wconf 81' lang='lat' dir='ltr'><strong>(Skene</strong></span> <span class='ocrx_word' id='word_1_120' title='bbox 1585 1564 1672 1638; x_wconf 92' lang='lat' dir='ltr'><strong>II,</strong></span> <span class='ocrx_word' id='word_1_121' title='bbox 1718 1587 1777 1643; x_wconf 87' lang='lat' dir='ltr'><strong>p.</strong></span> <span class='ocrx_word' id='word_1_122' title='bbox 1812 1565 1939 1624; x_wconf 86' lang='grc'><strong>425</strong></span> <span class='ocrx_word' id='word_1_123' title='bbox 1987 1571 2109 1624; x_wconf 91' lang='lat' dir='ltr'><strong>not.</strong></span> <span class='ocrx_word' id='word_1_124' title='bbox 2148 1567 2271 1642; x_wconf 87' lang='lat'><strong>13),</strong></span> <span class='ocrx_word' id='word_1_125' title='bbox 2320 1566 2523 1638; x_wconf 83' lang='lat' dir='ltr'><strong>eodem</strong></span> <span class='ocrx_word' id='word_1_126' title='bbox 2568 1566 2691 1624; x_wconf 87' lang='lat' dir='ltr'><strong>fere</strong></span> <span class='ocrx_word' id='word_1_127' title='bbox 2721 1572 2868 1623; x_wconf 89' lang='lat' dir='ltr'><strong>tem-</strong></span> 
     </span>
     <span class='ocr_line' id='line_1_16' title="bbox 763 1654 2867 1732; baseline -0 -21"><span class='ocrx_word' id='word_1_128' title='bbox 763 1674 906 1732; x_wconf 91' lang='lat' dir='ltr'><strong>pore</strong></span> <span class='ocrx_word' id='word_1_129' title='bbox 955 1655 1324 1732; x_wconf 71' lang='lat' dir='ltr'><strong>conscriptae</strong></span> <span class='ocrx_word' id='word_1_130' title='bbox 1372 1661 1526 1728; x_wconf 86' lang='lat' dir='ltr'><strong>sunt,</strong></span> <span class='ocrx_word' id='word_1_131' title='bbox 1575 1675 1691 1730; x_wconf 92' lang='lat' dir='ltr'><strong>quo</strong></span> <span class='ocrx_word' id='word_1_132' title='bbox 1722 1655 2016 1712; x_wconf 88' lang='lat' dir='ltr'><strong>Muirchui</strong></span> <span class='ocrx_word' id='word_1_133' title='bbox 2063 1656 2189 1714; x_wconf 85' lang='lat' dir='ltr'><strong>vita</strong></span> <span class='ocrx_word' id='word_1_134' title='bbox 2219 1655 2443 1732; x_wconf 83' lang='lat' dir='ltr'><strong>scripta</strong></span> <span class='ocrx_word' id='word_1_135' title='bbox 2475 1675 2601 1714; x_wconf 84' lang='lat' dir='ltr'><strong>esse</strong></span> <span class='ocrx_word' id='word_1_136' title='bbox 2631 1654 2867 1714; x_wconf 85' lang='lat' dir='ltr'><strong>dicitur.</strong></span> 
     </span>
     <span class='ocr_line' id='line_1_17' title="bbox 761 1743 2869 1820; baseline -0.001 -18"><span class='ocrx_word' id='word_1_137' title='bbox 761 1744 968 1818; x_wconf 84' lang='lat' dir='ltr'><strong>Neque</strong></span> <span class='ocrx_word' id='word_1_138' title='bbox 1016 1743 1332 1820; x_wconf 84' lang='lat' dir='ltr'><strong>quicquam</strong></span> <span class='ocrx_word' id='word_1_139' title='bbox 1379 1743 1681 1816; x_wconf 74' lang='lat' dir='ltr'><strong>habemuS,</strong></span> <span class='ocrx_word' id='word_1_140' title='bbox 1728 1765 1832 1802; x_wconf 85' lang='lat' dir='ltr'><strong>cur</strong></span> <span class='ocrx_word' id='word_1_141' title='bbox 1878 1744 2107 1802; x_wconf 86' lang='lat' dir='ltr'><strong>auctori</strong></span> <span class='ocrx_word' id='word_1_142' title='bbox 2153 1744 2329 1804; x_wconf 88' lang='lat' dir='ltr'><strong>fidem</strong></span> <span class='ocrx_word' id='word_1_143' title='bbox 2371 1744 2723 1819; x_wconf 85' lang='lat' dir='ltr'><strong>abrogemus</strong></span> <span class='ocrx_word' id='word_1_144' title='bbox 2755 1743 2869 1800; x_wconf 88' lang='lat' dir='ltr'><strong>nisi</strong></span> 
     </span>
     <span class='ocr_line' id='line_1_18' title="bbox 761 1829 2869 1914; baseline 0.002 -26"><span class='ocrx_word' id='word_1_145' title='bbox 761 1831 910 1889; x_wconf 85' lang='lat' dir='ltr'><strong>illud</strong></span> <span class='ocrx_word' id='word_1_146' title='bbox 952 1853 1010 1907; x_wconf 89' lang='lat' dir='ltr'><strong>p.</strong></span> <span class='ocrx_word' id='word_1_147' title='bbox 1042 1831 1234 1890; x_wconf 88' lang='lat' dir='ltr'><strong>XIX:</strong></span> <span class='ocrx_word' id='word_1_148' title='bbox 1281 1853 1320 1890; x_wconf 86' lang='lat' dir='ltr'><strong>a</strong></span> <span class='ocrx_word' id='word_1_149' title='bbox 1359 1831 1633 1914; x_wconf 68' lang='lat' dir='ltr'><strong>passione</strong></span> <span class='ocrx_word' id='word_1_150' title='bbox 1679 1841 1873 1892; x_wconf 66' lang='lat' dir='ltr'><strong>autem</strong></span> <span class='ocrx_word' id='word_1_151' title='bbox 1916 1829 2139 1892; x_wconf 76' lang='lat' dir='ltr'><strong>Christi</strong></span> <span class='ocrx_word' id='word_1_152' title='bbox 2180 1829 2535 1913; x_wconf 69' lang='lat' dir='ltr'><strong>colleyumur</strong></span> <span class='ocrx_word' id='word_1_153' title='bbox 2578 1831 2723 1892; x_wconf 77' lang='lat' dir='ltr'><strong>anni</strong></span> <span class='ocrx_word' id='word_1_154' title='bbox 2752 1834 2869 1893; x_wconf 80' lang='lat'><strong>436</strong></span> 
     </span>
     <span class='ocr_line' id='line_1_19' title="bbox 760 1919 2868 2000; baseline 0 -22"><span class='ocrx_word' id='word_1_155' title='bbox 760 1939 937 2000; x_wconf 74' lang='lat' dir='ltr'><strong>usque</strong></span> <span class='ocrx_word' id='word_1_156' title='bbox 981 1919 1065 1979; x_wconf 79' lang='lat' dir='ltr'><strong>ad</strong></span> <span class='ocrx_word' id='word_1_157' title='bbox 1105 1929 1354 1980; x_wconf 75' lang='lat' dir='ltr'><strong>mortem</strong></span> <span class='ocrx_word' id='word_1_158' title='bbox 1399 1919 1664 1981; x_wconf 70' lang='lat' dir='ltr'><strong>Patriciz&#39;.</strong></span> <span class='ocrx_word' id='word_1_159' title='bbox 1740 1921 1843 1980; x_wconf 90' lang='lat' dir='ltr'><strong>An</strong></span> <span class='ocrx_word' id='word_1_160' title='bbox 1890 1929 2143 1981; x_wconf 80' lang='lat' dir='ltr'><strong>exeun-te</strong></span> <span class='ocrx_word' id='word_1_161' title='bbox 2189 1924 2419 1982; x_wconf 87' lang='lat' dir='ltr'><strong>saeculo</strong></span> <span class='ocrx_word' id='word_1_162' title='bbox 2466 1921 2717 1998; x_wconf 88' lang='lat' dir='ltr'><strong>septimo</strong></span> <span class='ocrx_word' id='word_1_163' title='bbox 2758 1921 2868 1979; x_wconf 87' lang='lat' dir='ltr'><strong>Hi·</strong></span> 
     </span>
     <span class='ocr_line' id='line_1_20' title="bbox 761 2010 2869 2088; baseline 0.001 -22"><span class='ocrx_word' id='word_1_164' title='bbox 761 2011 975 2068; x_wconf 89' lang='lat' dir='ltr'><strong>bernos</strong></span> <span class='ocrx_word' id='word_1_165' title='bbox 1044 2011 1152 2067; x_wconf 91' lang='lat' dir='ltr'><strong>tali</strong></span> <span class='ocrx_word' id='word_1_166' title='bbox 1210 2017 1544 2088; x_wconf 88' lang='lat' dir='ltr'><strong>temporum</strong></span> <span class='ocrx_word' id='word_1_167' title='bbox 1603 2011 2001 2086; x_wconf 73' lang='lat' dir='ltr'><strong>descriptione</strong></span> <span class='ocrx_word' id='word_1_168' title='bbox 2062 2032 2197 2070; x_wconf 85' lang='lat' dir='ltr'><strong>usos</strong></span> <span class='ocrx_word' id='word_1_169' title='bbox 2264 2033 2389 2070; x_wconf 87' lang='lat' dir='ltr'><strong>esse</strong></span> <span class='ocrx_word' id='word_1_170' title='bbox 2442 2010 2658 2088; x_wconf 82' lang='lat' dir='ltr'><strong>putas?</strong></span> <span class='ocrx_word' id='word_1_171' title='bbox 2752 2010 2869 2070; x_wconf 86' lang='lat' dir='ltr'><strong>Sed</strong></span> 
     </span>
     <span class='ocr_line' id='line_1_21' title="bbox 764 2098 2868 2176; baseline 0.002 -22"><span class='ocrx_word' id='word_1_172' title='bbox 764 2098 906 2174; x_wconf 92' lang='lat' dir='ltr'><strong>quid</strong></span> <span class='ocrx_word' id='word_1_173' title='bbox 953 2099 1170 2170; x_wconf 84' lang='lat' dir='ltr'><strong>obstat,</strong></span> <span class='ocrx_word' id='word_1_174' title='bbox 1219 2101 1531 2175; x_wconf 88' lang='lat' dir='ltr'><strong>quominus</strong></span> <span class='ocrx_word' id='word_1_175' title='bbox 1577 2105 1851 2176; x_wconf 88' lang='lat' dir='ltr'><strong>putemus</strong></span> <span class='ocrx_word' id='word_1_176' title='bbox 1898 2100 2131 2172; x_wconf 84' lang='lat' dir='ltr'><strong>adjecta</strong></span> <span class='ocrx_word' id='word_1_177' title='bbox 2177 2121 2302 2158; x_wconf 84' lang='lat' dir='ltr'><strong>esse</strong></span> <span class='ocrx_word' id='word_1_178' title='bbox 2334 2102 2517 2159; x_wconf 85' lang='lat' dir='ltr'><strong>verba</strong></span> <span class='ocrx_word' id='word_1_179' title='bbox 2555 2099 2658 2158; x_wconf 89' lang='lat' dir='ltr'><strong>illa</strong></span> <span class='ocrx_word' id='word_1_180' title='bbox 2690 2099 2767 2156; x_wconf 90' lang='lat' dir='ltr'><strong>ab</strong></span> <span class='ocrx_word' id='word_1_181' title='bbox 2800 2119 2868 2159; x_wconf 83' lang='lat' dir='ltr'><strong>eo</strong></span> 
     </span>
     <span class='ocr_line' id='line_1_22' title="bbox 763 2186 2869 2264; baseline 0 -20"><span class='ocrx_word' id='word_1_182' title='bbox 763 2187 866 2263; x_wconf 90' lang='lat' dir='ltr'><strong>qui</strong></span> <span class='ocrx_word' id='word_1_183' title='bbox 907 2186 1127 2245; x_wconf 86' lang='lat' dir='ltr'><strong>librum</strong></span> <span class='ocrx_word' id='word_1_184' title='bbox 1167 2187 1651 2246; x_wconf 84' lang='lat' dir='ltr'><strong>Ardmachanum</strong></span> <span class='ocrx_word' id='word_1_185' title='bbox 1694 2187 2090 2264; x_wconf 80' lang='lat' dir='ltr'><strong>conscripsit?</strong></span> <span class='ocrx_word' id='word_1_186' title='bbox 2167 2188 2357 2244; x_wconf 90' lang='lat' dir='ltr'><strong>Immo</strong></span> <span class='ocrx_word' id='word_1_187' title='bbox 2406 2207 2537 2245; x_wconf 88' lang='lat' dir='ltr'><strong>cum</strong></span> <span class='ocrx_word' id='word_1_188' title='bbox 2584 2187 2869 2246; x_wconf 85' lang='lat' dir='ltr'><strong>sermonis</strong></span> 
     </span>
     <span class='ocr_line' id='line_1_23' title="bbox 761 2275 2486 2352; baseline 0 -20"><span class='ocrx_word' id='word_1_189' title='bbox 761 2281 1106 2334; x_wconf 85' lang='lat' dir='ltr'><strong>contextum</strong></span> <span class='ocrx_word' id='word_1_190' title='bbox 1152 2277 1506 2348; x_wconf 77' lang='lat' dir='ltr'><strong>discindant,</strong></span> <span class='ocrx_word' id='word_1_191' title='bbox 1553 2296 1663 2352; x_wconf 88' lang='lat' dir='ltr'><strong>pro</strong></span> <span class='ocrx_word' id='word_1_192' title='bbox 1712 2280 1875 2333; x_wconf 88' lang='lat' dir='ltr'><strong>certo</strong></span> <span class='ocrx_word' id='word_1_193' title='bbox 1921 2297 2015 2334; x_wconf 85' lang='lat' dir='ltr'><strong>res</strong></span> <span class='ocrx_word' id='word_1_194' title='bbox 2060 2275 2333 2334; x_wconf 84' lang='lat' dir='ltr'><strong>habenda</strong></span> <span class='ocrx_word' id='word_1_195' title='bbox 2381 2280 2486 2333; x_wconf 86' lang='lat' dir='ltr'><strong>est.</strong></span> 
     </span>
    </p>

    <p class='ocr_par' dir='ltr' id='par_1_5' title="bbox 721 2363 2367 2442">
     <span class='ocr_line' id='line_1_24' title="bbox 721 2363 2367 2442; baseline -0.001 -20"><span class='ocrx_word' id='word_1_196' title='bbox 721 2409 734 2422; x_wconf 94' lang='lat'><strong>.</strong></span> <span class='ocrx_word' id='word_1_197' title='bbox 766 2364 1098 2423; x_wconf 82' lang='lat' dir='ltr'><strong>Petitioncs</strong></span> <span class='ocrx_word' id='word_1_198' title='bbox 1144 2365 1412 2424; x_wconf 84' lang='lat' dir='ltr'><strong>Patricii.</strong></span> <span class='ocrx_word' id='word_1_199' title='bbox 1503 2364 1758 2422; x_wconf 82' lang='lat' dir='ltr'><strong>Betham</strong></span> <span class='ocrx_word' id='word_1_200' title='bbox 1804 2365 1845 2420; x_wconf 86' lang='lat' dir='ltr'><strong>l.</strong></span> <span class='ocrx_word' id='word_1_201' title='bbox 1892 2385 1940 2422; x_wconf 89' lang='lat' dir='ltr'><strong>c.</strong></span> <span class='ocrx_word' id='word_1_202' title='bbox 1986 2385 2043 2442; x_wconf 91' lang='lat' dir='ltr'><strong>p.</strong></span> <span class='ocrx_word' id='word_1_203' title='bbox 2090 2363 2367 2423; x_wconf 92' lang='lat' dir='ltr'><strong>XXXV.</strong></span> 
     </span>
    </p>

    <p class='ocr_par' dir='ltr' id='par_1_6' title="bbox 721 2448 2869 3420">
     <span class='ocr_line' id='line_1_25' title="bbox 721 2448 2867 2531; baseline -0.002 -17"><span class='ocrx_word' id='word_1_204' title='bbox 721 2497 734 2514; x_wconf 85' lang='lat'><strong>.</strong></span> <span class='ocrx_word' id='word_1_205' title='bbox 773 2451 1004 2527; x_wconf 79' lang='lat' dir='ltr'><strong>„Aetas</strong></span> <span class='ocrx_word' id='word_1_206' title='bbox 1026 2454 1315 2512; x_wconf 84' lang='lat' dir='ltr'><strong>Patricii“</strong></span> <span class='ocrx_word' id='word_1_207' title='bbox 1349 2487 1432 2498; x_wconf 82' lang='lat'><strong>-—·-</strong></span> <span class='ocrx_word' id='word_1_208' title='bbox 1458 2453 1647 2531; x_wconf 86' lang='lat' dir='ltr'><strong>ipsius</strong></span> <span class='ocrx_word' id='word_1_209' title='bbox 1670 2452 1841 2512; x_wconf 86' lang='lat' dir='ltr'><strong>annis</strong></span> <span class='ocrx_word' id='word_1_210' title='bbox 1864 2454 2163 2530; x_wconf 86' lang='lat' dir='ltr'><strong>descripta</strong></span> <span class='ocrx_word' id='word_1_211' title='bbox 2184 2453 2295 2511; x_wconf 90' lang='lat' dir='ltr'><strong>hoc</strong></span> <span class='ocrx_word' id='word_1_212' title='bbox 2319 2452 2516 2510; x_wconf 89' lang='lat' dir='ltr'><strong>modo:</strong></span> <span class='ocrx_word' id='word_1_213' title='bbox 2560 2448 2700 2511; x_wconf 89' lang='lat' dir='ltr'><strong>VII</strong></span> <span class='ocrx_word' id='word_1_214' title='bbox 2712 2472 2867 2510; x_wconf 75' lang='lat' dir='ltr'><strong>anno</strong></span> 
     </span>
     <span class='ocr_line' id='line_1_26' title="bbox 764 2538 2864 2624; baseline 0 -24"><span class='ocrx_word' id='word_1_215' title='bbox 764 2539 1089 2620; x_wconf 56' lang='lat' dir='ltr'><strong>baptizans</strong></span> <span class='ocrx_word' id='word_1_216' title='bbox 1133 2551 1234 2612; x_wconf 75' lang='lat' dir='ltr'><strong>est,</strong></span> <span class='ocrx_word' id='word_1_217' title='bbox 1285 2538 1355 2600; x_wconf 93' lang='lat' dir='ltr'><strong>X</strong></span> <span class='ocrx_word' id='word_1_218' title='bbox 1393 2562 1550 2602; x_wconf 75' lang='lat' dir='ltr'><strong>,anno</strong></span> <span class='ocrx_word' id='word_1_219' title='bbox 1595 2550 1801 2624; x_wconf 76' lang='lat' dir='ltr'><strong>captus</strong></span> <span class='ocrx_word' id='word_1_220' title='bbox 1847 2549 1956 2600; x_wconf 87' lang='lat' dir='ltr'><strong>etc.</strong></span> <span class='ocrx_word' id='word_1_221' title='bbox 2003 2542 2259 2602; x_wconf 70' lang='lat' dir='ltr'><strong>Bethana</strong></span> <span class='ocrx_word' id='word_1_222' title='bbox 2305 2543 2343 2600; x_wconf 92' lang='lat'><strong>1.</strong></span> <span class='ocrx_word' id='word_1_223' title='bbox 2394 2563 2439 2600; x_wconf 87' lang='lat' dir='ltr'><strong>c.</strong></span> <span class='ocrx_word' id='word_1_224' title='bbox 2486 2563 2543 2618; x_wconf 88' lang='lat' dir='ltr'><strong>p.</strong></span> <span class='ocrx_word' id='word_1_225' title='bbox 2588 2540 2864 2600; x_wconf 90' lang='lat' dir='ltr'><strong>XXXV.</strong></span> 
     </span>
     <span class='ocr_line' id='line_1_27' title="bbox 761 2631 2866 2710; baseline -0.001 -21"><span class='ocrx_word' id='word_1_226' title='bbox 761 2631 930 2689; x_wconf 83' lang='lat' dir='ltr'><strong>Haec</strong></span> <span class='ocrx_word' id='word_1_227' title='bbox 976 2632 1158 2690; x_wconf 83' lang='lat' dir='ltr'><strong>verba</strong></span> <span class='ocrx_word' id='word_1_228' title='bbox 1195 2667 1269 2674; x_wconf 86' lang='lat'><em>-</em></span> <span class='ocrx_word' id='word_1_229' title='bbox 1307 2632 1467 2710; x_wconf 89' lang='lat' dir='ltr'><strong>apud</strong></span> <span class='ocrx_word' id='word_1_230' title='bbox 1499 2631 1879 2690; x_wconf 88' lang='lat' dir='ltr'><strong>Bethamium</strong></span> <span class='ocrx_word' id='word_1_231' title='bbox 1926 2633 1965 2688; x_wconf 89' lang='lat'><strong>1.</strong></span> <span class='ocrx_word' id='word_1_232' title='bbox 1997 2653 2043 2690; x_wconf 85' lang='lat' dir='ltr'><strong>c.</strong></span> <span class='ocrx_word' id='word_1_233' title='bbox 2074 2652 2132 2708; x_wconf 94' lang='lat' dir='ltr'><strong>p.</strong></span> <span class='ocrx_word' id='word_1_234' title='bbox 2164 2631 2423 2693; x_wconf 89' lang='lat' dir='ltr'><strong>XXXV</strong></span> <span class='ocrx_word' id='word_1_235' title='bbox 2457 2649 2655 2689; x_wconf 83' lang='lat' dir='ltr'><strong>errore</strong></span> <span class='ocrx_word' id='word_1_236' title='bbox 2695 2637 2866 2707; x_wconf 82' lang='lat' dir='ltr'><strong>typo·</strong></span> 
     </span>
     <span class='ocr_line' id='line_1_28' title="bbox 761 2717 2869 2798; baseline -0 -22"><span class='ocrx_word' id='word_1_237' title='bbox 761 2720 1046 2797; x_wconf 82' lang='lat' dir='ltr'><strong>graphico</strong></span> <span class='ocrx_word' id='word_1_238' title='bbox 1102 2721 1345 2797; x_wconf 86' lang='lat' dir='ltr'><strong>insuper</strong></span> <span class='ocrx_word' id='word_1_239' title='bbox 1389 2727 1672 2798; x_wconf 89' lang='lat' dir='ltr'><strong>corrupta</strong></span> <span class='ocrx_word' id='word_1_240' title='bbox 1720 2721 1789 2778; x_wconf 89' lang='lat' dir='ltr'><strong>cf.</strong></span> <span class='ocrx_word' id='word_1_241' title='bbox 1835 2721 2093 2780; x_wconf 82' lang='lat' dir='ltr'><strong>Betham</strong></span> <span class='ocrx_word' id='word_1_242' title='bbox 2138 2720 2225 2794; x_wconf 87' lang='lat' dir='ltr'><strong>H,</strong></span> <span class='ocrx_word' id='word_1_243' title='bbox 2270 2742 2328 2798; x_wconf 94' lang='lat' dir='ltr'><strong>p.</strong></span> <span class='ocrx_word' id='word_1_244' title='bbox 2380 2720 2503 2778; x_wconf 86' lang='lat'><strong>386</strong></span> <span class='ocrx_word' id='word_1_245' title='bbox 2560 2753 2633 2762; x_wconf 89' lang='lat'><strong>-—-</strong></span> <span class='ocrx_word' id='word_1_246' title='bbox 2688 2740 2722 2778; x_wconf 86' lang='lat' dir='ltr'><strong>a</strong></span> <span class='ocrx_word' id='word_1_247' title='bbox 2769 2717 2869 2776; x_wconf 84' lang='lat' dir='ltr'><strong>Ti-</strong></span> 
     </span>
     <span class='ocr_line' id='line_1_29' title="bbox 759 2807 2869 2886; baseline 0 -22"><span class='ocrx_word' id='word_1_248' title='bbox 759 2809 1014 2865; x_wconf 85' lang='lat' dir='ltr'><strong>rechano</strong></span> <span class='ocrx_word' id='word_1_249' title='bbox 1061 2813 1224 2865; x_wconf 86' lang='lat' dir='ltr'><strong>certo</strong></span> <span class='ocrx_word' id='word_1_250' title='bbox 1273 2810 1606 2886; x_wconf 87' lang='lat' dir='ltr'><strong>conscripta</strong></span> <span class='ocrx_word' id='word_1_251' title='bbox 1652 2829 1771 2868; x_wconf 87' lang='lat' dir='ltr'><strong>non</strong></span> <span class='ocrx_word' id='word_1_252' title='bbox 1816 2815 1971 2882; x_wconf 87' lang='lat' dir='ltr'><strong>sunt,</strong></span> <span class='ocrx_word' id='word_1_253' title='bbox 2018 2809 2158 2885; x_wconf 88' lang='lat' dir='ltr'><strong>quia</strong></span> <span class='ocrx_word' id='word_1_254' title='bbox 2204 2813 2543 2886; x_wconf 85' lang='lat' dir='ltr'><strong>repugnant</strong></span> <span class='ocrx_word' id='word_1_255' title='bbox 2580 2807 2669 2879; x_wconf 82' lang='lat' dir='ltr'><strong>iis,</strong></span> <span class='ocrx_word' id='word_1_256' title='bbox 2718 2828 2869 2883; x_wconf 87' lang='lat' dir='ltr'><strong>quae</strong></span> 
     </span>
     <span class='ocr_line' id='line_1_30' title="bbox 760 2895 2869 2974; baseline -0 -21"><span class='ocrx_word' id='word_1_257' title='bbox 760 2897 824 2953; x_wconf 94' lang='lat' dir='ltr'><strong>in</strong></span> <span class='ocrx_word' id='word_1_258' title='bbox 854 2895 1000 2972; x_wconf 86' lang='lat' dir='ltr'><strong>ipsis</strong></span> <span class='ocrx_word' id='word_1_259' title='bbox 1031 2897 1516 2954; x_wconf 81' lang='lat' dir='ltr'><strong>annotationibus</strong></span> <span class='ocrx_word' id='word_1_260' title='bbox 1549 2897 1915 2955; x_wconf 81' lang='lat' dir='ltr'><strong>Tirechanus</strong></span> <span class='ocrx_word' id='word_1_261' title='bbox 1946 2897 2199 2974; x_wconf 88' lang='lat' dir='ltr'><strong>scripsit.</strong></span> <span class='ocrx_word' id='word_1_262' title='bbox 2270 2897 2423 2956; x_wconf 87' lang='lat' dir='ltr'><strong>Nam</strong></span> <span class='ocrx_word' id='word_1_263' title='bbox 2454 2896 2549 2954; x_wconf 89' lang='lat' dir='ltr'><strong>hic</strong></span> <span class='ocrx_word' id='word_1_264' title='bbox 2582 2897 2869 2973; x_wconf 83' lang='lat' dir='ltr'><strong>scriptum</strong></span> 
     </span>
     <span class='ocr_line' id='line_1_31' title="bbox 763 2982 2867 3064; baseline 0 -23"><span class='ocrx_word' id='word_1_265' title='bbox 763 2991 854 3042; x_wconf 88' lang='lat' dir='ltr'><strong>est</strong></span> <span class='ocrx_word' id='word_1_266' title='bbox 909 2986 1030 3054; x_wconf 87' lang='lat'><strong>„72</strong></span> <span class='ocrx_word' id='word_1_267' title='bbox 1085 3003 1270 3043; x_wconf 77' lang='lat' dir='ltr'><strong>annos</strong></span> <span class='ocrx_word' id='word_1_268' title='bbox 1325 2982 1559 3042; x_wconf 79' lang='lat' dir='ltr'><strong>docuit“</strong></span> <span class='ocrx_word' id='word_1_269' title='bbox 1606 2987 1703 3060; x_wconf 89' lang='lat' dir='ltr'><strong>(cf.</strong></span> <span class='ocrx_word' id='word_1_270' title='bbox 1749 2984 2003 3043; x_wconf 88' lang='lat' dir='ltr'><strong>Betham</strong></span> <span class='ocrx_word' id='word_1_271' title='bbox 2050 2985 2137 3058; x_wconf 95' lang='lat' dir='ltr'><strong>II,</strong></span> <span class='ocrx_word' id='word_1_272' title='bbox 2192 3007 2250 3064; x_wconf 95' lang='lat' dir='ltr'><strong>p.</strong></span> <span class='ocrx_word' id='word_1_273' title='bbox 2302 2986 2473 3059; x_wconf 86' lang='lat'><strong>386),</strong></span> <span class='ocrx_word' id='word_1_274' title='bbox 2530 2985 2653 3042; x_wconf 88' lang='lat' dir='ltr'><strong>illic</strong></span> <span class='ocrx_word' id='word_1_275' title='bbox 2700 2985 2867 3042; x_wconf 82' lang='lat' dir='ltr'><strong>Tire-</strong></span> 
     </span>
     <span class='ocr_line' id='line_1_32' title="bbox 760 3072 2865 3151; baseline 0 -19"><span class='ocrx_word' id='word_1_276' title='bbox 760 3074 983 3132; x_wconf 88' lang='lat' dir='ltr'><strong>chanus</strong></span> <span class='ocrx_word' id='word_1_277' title='bbox 1030 3075 1214 3132; x_wconf 85' lang='lat' dir='ltr'><strong>refert</strong></span> <span class='ocrx_word' id='word_1_278' title='bbox 1261 3075 1344 3151; x_wconf 90' lang='lat' dir='ltr'><strong>(p.</strong></span> <span class='ocrx_word' id='word_1_279' title='bbox 1392 3072 1584 3150; x_wconf 91' lang='lat' dir='ltr'><strong>XIX)</strong></span> <span class='ocrx_word' id='word_1_280' title='bbox 1630 3073 1962 3132; x_wconf 89' lang='lat' dir='ltr'><strong>Patricium</strong></span> <span class='ocrx_word' id='word_1_281' title='bbox 2008 3074 2069 3132; x_wconf 90' lang='lat' dir='ltr'><strong>in</strong></span> <span class='ocrx_word' id='word_1_282' title='bbox 2101 3074 2456 3132; x_wconf 88' lang='lat' dir='ltr'><strong>Hiberniam</strong></span> <span class='ocrx_word' id='word_1_283' title='bbox 2504 3074 2733 3132; x_wconf 86' lang='lat' dir='ltr'><strong>venisse</strong></span> <span class='ocrx_word' id='word_1_284' title='bbox 2780 3095 2865 3132; x_wconf 88' lang='lat' dir='ltr'><strong>se-</strong></span> 
     </span>
     <span class='ocr_line' id='line_1_33' title="bbox 762 3161 2866 3240; baseline 0 -19"><span class='ocrx_word' id='word_1_285' title='bbox 762 3161 952 3222; x_wconf 86' lang='lat' dir='ltr'><strong>cundo</strong></span> <span class='ocrx_word' id='word_1_286' title='bbox 999 3163 1159 3240; x_wconf 85' lang='lat' dir='ltr'><strong>regis</strong></span> <span class='ocrx_word' id='word_1_287' title='bbox 1188 3162 1437 3239; x_wconf 81' lang='lat' dir='ltr'><strong>Logairi</strong></span> <span class='ocrx_word' id='word_1_288' title='bbox 1483 3183 1640 3221; x_wconf 69' lang='lat' dir='ltr'><strong>anno⁴</strong></span> <span class='ocrx_word' id='word_1_289' title='bbox 1682 3170 1745 3222; x_wconf 83' lang='lat' dir='ltr'><strong>et</strong></span> <span class='ocrx_word' id='word_1_290' title='bbox 1791 3169 2089 3222; x_wconf 91' lang='lat' dir='ltr'><strong>mortuum</strong></span> <span class='ocrx_word' id='word_1_291' title='bbox 2135 3184 2259 3222; x_wconf 82' lang='lat' dir='ltr'><strong>esse</strong></span> <span class='ocrx_word' id='word_1_292' title='bbox 2308 3163 2539 3222; x_wconf 88' lang='lat' dir='ltr'><strong>duobus</strong></span> <span class='ocrx_word' id='word_1_293' title='bbox 2570 3164 2665 3222; x_wconf 87' lang='lat' dir='ltr'><strong>vel</strong></span> <span class='ocrx_word' id='word_1_294' title='bbox 2697 3163 2866 3240; x_wconf 88' lang='lat' dir='ltr'><strong>quin-</strong></span> 
     </span>
     <span class='ocr_line' id='line_1_34' title="bbox 760 3252 2867 3331; baseline -0 -20"><span class='ocrx_word' id='word_1_295' title='bbox 760 3272 874 3331; x_wconf 87' lang='lat' dir='ltr'><strong>que</strong></span> <span class='ocrx_word' id='word_1_296' title='bbox 935 3254 1110 3311; x_wconf 82' lang='lat' dir='ltr'><strong>annis</strong></span> <span class='ocrx_word' id='word_1_297' title='bbox 1169 3259 1308 3311; x_wconf 84' lang='lat' dir='ltr'><strong>ante</strong></span> <span class='ocrx_word' id='word_1_298' title='bbox 1367 3252 1617 3310; x_wconf 87' lang='lat' dir='ltr'><strong>eundem</strong></span> <span class='ocrx_word' id='word_1_299' title='bbox 1678 3273 1904 3328; x_wconf 84' lang='lat' dir='ltr'><strong>regem,</strong></span> <span class='ocrx_word' id='word_1_300' title='bbox 1978 3253 2081 3330; x_wconf 92' lang='lat' dir='ltr'><strong>qui</strong></span> <span class='ocrx_word' id='word_1_301' title='bbox 2144 3255 2225 3311; x_wconf 87' lang='lat'><strong>33</strong></span> <span class='ocrx_word' id='word_1_302' title='bbox 2284 3273 2468 3312; x_wconf 88' lang='lat' dir='ltr'><strong>annos</strong></span> <span class='ocrx_word' id='word_1_303' title='bbox 2498 3253 2867 3328; x_wconf 73' lang='lat' dir='ltr'><strong>,regnavisse</strong></span> 
     </span>
     <span class='ocr_line' id='line_1_35' title="bbox 759 3347 1090 3420; baseline 0.006 -22"><span class='ocrx_word' id='word_1_304' title='bbox 759 3347 1090 3420; x_wconf 84' lang='lat' dir='ltr'><strong>putaretur.</strong></span> 
     </span>
    </p>

    <p class='ocr_par' dir='ltr' id='par_1_7' title="bbox 625 3430 2869 3866">
     <span class='ocr_line' id='line_1_36' title="bbox 673 3430 2863 3508; baseline 0 -21"><span class='ocrx_word' id='word_1_305' title='bbox 673 3433 732 3488; x_wconf 91' lang='lat'><strong>7.</strong></span> <span class='ocrx_word' id='word_1_306' title='bbox 765 3432 1036 3504; x_wconf 74' lang='lat' dir='ltr'><strong>Quatuor</strong></span> <span class='ocrx_word' id='word_1_307' title='bbox 1068 3431 1498 3505; x_wconf 88' lang='lat' dir='ltr'><strong>similitudines,</strong></span> <span class='ocrx_word' id='word_1_308' title='bbox 1546 3452 1701 3508; x_wconf 85' lang='lat' dir='ltr'><strong>quae</strong></span> <span class='ocrx_word' id='word_1_309' title='bbox 1732 3431 1997 3490; x_wconf 86' lang='lat' dir='ltr'><strong>Patricio</strong></span> <span class='ocrx_word' id='word_1_310' title='bbox 2032 3451 2163 3490; x_wconf 86' lang='lat' dir='ltr'><strong>cum</strong></span> <span class='ocrx_word' id='word_1_311' title='bbox 2194 3431 2346 3489; x_wconf 83' lang='lat' dir='ltr'><strong>Mosi</strong></span> <span class='ocrx_word' id='word_1_312' title='bbox 2380 3435 2550 3490; x_wconf 82' lang='lat' dir='ltr'><strong>erant</strong></span> <span class='ocrx_word' id='word_1_313' title='bbox 2583 3430 2863 3506; x_wconf 85' lang='lat' dir='ltr'><strong>(Betham</strong></span> 
     </span>
     <span class='ocr_line' id='line_1_37' title="bbox 678 3508 1347 3596; baseline -0.001 -19"><span class='ocrx_word' id='word_1_314' title='bbox 678 3535 694 3545; x_wconf 85' lang='lat'><strong>·</strong></span> <span class='ocrx_word' id='word_1_315' title='bbox 762 3521 800 3577; x_wconf 90' lang='lat' dir='ltr'><strong>l.</strong></span> <span class='ocrx_word' id='word_1_316' title='bbox 849 3541 894 3576; x_wconf 86' lang='lat' dir='ltr'><strong>c.</strong></span> <span class='ocrx_word' id='word_1_317' title='bbox 943 3541 1000 3596; x_wconf 91' lang='lat' dir='ltr'><strong>p.</strong></span> <span class='ocrx_word' id='word_1_318' title='bbox 1046 3508 1347 3596; x_wconf 90' lang='lat' dir='ltr'><strong>XXXV).</strong></span> 
     </span>
     <span class='ocr_line' id='line_1_38' title="bbox 672 3606 2863 3684; baseline 0 -19"><span class='ocrx_word' id='word_1_319' title='bbox 672 3609 731 3665; x_wconf 89' lang='lat'><strong>8.</strong></span> <span class='ocrx_word' id='word_1_320' title='bbox 763 3606 1097 3667; x_wconf 86' lang='lat' dir='ltr'><strong>Annotatio</strong></span> <span class='ocrx_word' id='word_1_321' title='bbox 1147 3610 1217 3668; x_wconf 87' lang='lat' dir='ltr'><strong>de</strong></span> <span class='ocrx_word' id='word_1_322' title='bbox 1249 3611 1375 3668; x_wconf 87' lang='lat' dir='ltr'><strong>loco</strong></span> <span class='ocrx_word' id='word_1_323' title='bbox 1407 3609 1512 3666; x_wconf 87' lang='lat' dir='ltr'><strong>ubi</strong></span> <span class='ocrx_word' id='word_1_324' title='bbox 1543 3608 1841 3667; x_wconf 84' lang='lat' dir='ltr'><strong>Patricius</strong></span> <span class='ocrx_word' id='word_1_325' title='bbox 1874 3609 2139 3684; x_wconf 86' lang='lat' dir='ltr'><strong>sepultus</strong></span> <span class='ocrx_word' id='word_1_326' title='bbox 2172 3613 2259 3667; x_wconf 80' lang='lat' dir='ltr'><strong>est</strong></span> <span class='ocrx_word' id='word_1_327' title='bbox 2292 3608 2570 3684; x_wconf 79' lang='lat' dir='ltr'><strong>(Betham</strong></span> <span class='ocrx_word' id='word_1_328' title='bbox 2602 3609 2863 3684; x_wconf 87' lang='lat' dir='ltr'><strong>ibidem).</strong></span> 
     </span>
     <span class='ocr_line' id='line_1_39' title="bbox 801 3695 2869 3775; baseline 0 -21"><span class='ocrx_word' id='word_1_329' title='bbox 801 3697 936 3755; x_wconf 90' lang='lat' dir='ltr'><strong>Hae</strong></span> <span class='ocrx_word' id='word_1_330' title='bbox 997 3698 1146 3756; x_wconf 84' lang='lat' dir='ltr'><strong>duae</strong></span> <span class='ocrx_word' id='word_1_331' title='bbox 1171 3699 1608 3772; x_wconf 53' lang='lat' dir='ltr'><strong>⁶annotationem</strong></span> <span class='ocrx_word' id='word_1_332' title='bbox 1670 3697 1785 3754; x_wconf 86' lang='lat' dir='ltr'><strong>sibi</strong></span> <span class='ocrx_word' id='word_1_333' title='bbox 1840 3697 2097 3756; x_wconf 86' lang='lat' dir='ltr'><strong>&#39;invicem</strong></span> <span class='ocrx_word' id='word_1_334' title='bbox 2150 3699 2516 3775; x_wconf 81' lang='lat' dir='ltr'><strong>repugnant,</strong></span> <span class='ocrx_word' id='word_1_335' title='bbox 2578 3719 2713 3756; x_wconf 88' lang='lat' dir='ltr'><strong>nam</strong></span> <span class='ocrx_word' id='word_1_336' title='bbox 2767 3695 2869 3755; x_wconf 80' lang='lat' dir='ltr'><strong>ubi</strong></span> 
     </span>
     <span class='ocr_line' id='line_1_40' title="bbox 625 3783 2865 3866; baseline -0.001 -21"><span class='ocrx_word' id='word_1_337' title='bbox 625 3805 756 3845; x_wconf 78' lang='lat' dir='ltr'><strong>ossa</strong></span> <span class='ocrx_word' id='word_1_338' title='bbox 801 3783 923 3866; x_wconf 80' lang='lat' dir='ltr'><strong>ejus</strong></span> <span class='ocrx_word' id='word_1_339' title='bbox 967 3784 1080 3846; x_wconf 64' lang='lat' dir='ltr'><strong>siret</strong></span> <span class='ocrx_word' id='word_1_340' title='bbox 1116 3786 1412 3848; x_wconf 73' lang='lat' dir='ltr'><strong>‘neminem</strong></span> <span class='ocrx_word' id='word_1_341' title='bbox 1454 3785 1677 3845; x_wconf 77' lang='lat' dir='ltr'><strong>novisse</strong></span> <span class='ocrx_word' id='word_1_342' title='bbox 1721 3792 1979 3846; x_wconf 87' lang='lat' dir='ltr'><strong>testatur</strong></span> <span class='ocrx_word' id='word_1_343' title='bbox 2013 3790 2069 3860; x_wconf 91' lang='lat'><strong>7,</strong></span> <span class='ocrx_word' id='word_1_344' title='bbox 2118 3793 2323 3846; x_wconf 90' lang='lat' dir='ltr'><strong>contra</strong></span> <span class='ocrx_word' id='word_1_345' title='bbox 2367 3787 2405 3843; x_wconf 89' lang='lat'><em>8</em></span> <span class='ocrx_word' id='word_1_346' title='bbox 2436 3785 2541 3846; x_wconf 77' lang='lat' dir='ltr'><strong>ubi</strong></span> <span class='ocrx_word' id='word_1_347' title='bbox 2566 3783 2865 3866; x_wconf 74' lang='lat' dir='ltr'><strong>sepultura</strong></span> 
     </span>
    </p>

    <p class='ocr_par' dir='ltr' id='par_1_8' title="bbox 621 3873 2863 4043">
     <span class='ocr_line' id='line_1_41' title="bbox 621 3873 2863 3951; baseline -0.001 -17"><span class='ocrx_word' id='word_1_348' title='bbox 621 3873 876 3934; x_wconf 59' lang='lat' dir='ltr'><strong>Patricia·</strong></span> <span class='ocrx_word' id='word_1_349' title='bbox 917 3884 1056 3936; x_wconf 75' lang='lat' dir='ltr'><strong>esset</strong></span> <span class='ocrx_word' id='word_1_350' title='bbox 1087 3877 1410 3936; x_wconf 84' lang='lat' dir='ltr'><strong>Columbae</strong></span> <span class='ocrx_word' id='word_1_351' title='bbox 1441 3876 1679 3934; x_wconf 84' lang='lat' dir='ltr'><strong>Hiiensi</strong></span> <span class='ocrx_word' id='word_1_352' title='bbox 1725 3878 2051 3936; x_wconf 87' lang='lat' dir='ltr'><strong>revelatum</strong></span> <span class='ocrx_word' id='word_1_353' title='bbox 2086 3897 2209 3935; x_wconf 86' lang='lat' dir='ltr'><strong>esse</strong></span> <span class='ocrx_word' id='word_1_354' title='bbox 2244 3876 2570 3934; x_wconf 85' lang='lat' dir='ltr'><strong>confirmat.</strong></span> <span class='ocrx_word' id='word_1_355' title='bbox 2647 3875 2863 3951; x_wconf 88' lang='lat' dir='ltr'><strong>Itaque</strong></span> 
     </span>
     <span class='ocr_line' id='line_1_42' title="bbox 624 3965 2452 4043; baseline -0.001 -19"><span class='ocrx_word' id='word_1_356' title='bbox 624 3967 700 4024; x_wconf 86' lang='lat' dir='ltr'><strong>ab</strong></span> <span class='ocrx_word' id='word_1_357' title='bbox 749 3965 954 4024; x_wconf 86' lang='lat' dir='ltr'><strong>eodem</strong></span> <span class='ocrx_word' id='word_1_358' title='bbox 1001 3967 1256 4043; x_wconf 82' lang='lat' dir='ltr'><strong>scriptae</strong></span> <span class='ocrx_word' id='word_1_359' title='bbox 1301 3985 1418 4024; x_wconf 90' lang='lat' dir='ltr'><strong>non</strong></span> <span class='ocrx_word' id='word_1_360' title='bbox 1467 3971 1606 4024; x_wconf 87' lang='lat' dir='ltr'><strong>sunt</strong></span> <span class='ocrx_word' id='word_1_361' title='bbox 1652 3967 1749 4040; x_wconf 87' lang='lat' dir='ltr'><strong>(cf.</strong></span> <span class='ocrx_word' id='word_1_362' title='bbox 1799 3965 1995 4024; x_wconf 83' lang='lat' dir='ltr'><strong>Skene</strong></span> <span class='ocrx_word' id='word_1_363' title='bbox 2042 3966 2127 4039; x_wconf 94' lang='lat' dir='ltr'><strong>II,</strong></span> <span class='ocrx_word' id='word_1_364' title='bbox 2173 3987 2230 4042; x_wconf 91' lang='lat' dir='ltr'><strong>p.</strong></span> <span class='ocrx_word' id='word_1_365' title='bbox 2279 3966 2452 4041; x_wconf 82' lang='lat'><strong>432).</strong></span> 
     </span>
    </p>

    <p class='ocr_par' dir='ltr' id='par_1_9' title="bbox 669 4053 2862 4131">
     <span class='ocr_line' id='line_1_43' title="bbox 669 4053 2862 4131; baseline 0 -19"><span class='ocrx_word' id='word_1_366' title='bbox 669 4057 728 4112; x_wconf 83' lang='lat'><strong>9.</strong></span> <span class='ocrx_word' id='word_1_367' title='bbox 759 4053 1091 4113; x_wconf 86' lang='lat' dir='ltr'><strong>Annotatio</strong></span> <span class='ocrx_word' id='word_1_368' title='bbox 1147 4055 1220 4114; x_wconf 86' lang='lat' dir='ltr'><strong>de</strong></span> <span class='ocrx_word' id='word_1_369' title='bbox 1266 4055 1538 4113; x_wconf 84' lang='lat' dir='ltr'><strong>Palladio</strong></span> <span class='ocrx_word' id='word_1_370' title='bbox 1585 4059 1647 4112; x_wconf 87' lang='lat' dir='ltr'><strong>et</strong></span> <span class='ocrx_word' id='word_1_371' title='bbox 1690 4054 1954 4113; x_wconf 90' lang='lat' dir='ltr'><strong>Patricio</strong></span> <span class='ocrx_word' id='word_1_372' title='bbox 2002 4075 2037 4111; x_wconf 86' lang='lat' dir='ltr'><strong>a</strong></span> <span class='ocrx_word' id='word_1_373' title='bbox 2084 4053 2422 4112; x_wconf 84' lang='lat' dir='ltr'><strong>Coelestino</strong></span> <span class='ocrx_word' id='word_1_374' title='bbox 2468 4074 2625 4131; x_wconf 86' lang='lat' dir='ltr'><strong>papa</strong></span> <span class='ocrx_word' id='word_1_375' title='bbox 2671 4055 2862 4112; x_wconf 84' lang='lat' dir='ltr'><strong>missis</strong></span> 
     </span>
    </p>
   </div>
   <div class='ocr_carea' id='block_1_3' title="bbox 679 2364 715 2510">
    <p class='ocr_par' dir='ltr' id='par_1_10' title="bbox 679 2364 715 2510">
     <span class='ocr_line' id='line_1_44' title="bbox 679 2364 715 2510; textangle 90"><span class='ocrx_word' id='word_1_376' title='bbox 679 2364 715 2510; x_wconf 69' lang='lat'><strong>020¹</strong></span> 
     </span>
    </p>
   </div>
   <div class='ocr_carea' id='block_1_4' title="bbox 626 4197 1050 4204">
    <p class='ocr_par' dir='ltr' id='par_1_11' title="bbox 626 4197 1050 4204">
     <span class='ocr_line' id='line_1_45' title="bbox 626 4197 1050 4204; baseline 0 880"><span class='ocrx_word' id='word_1_377' title='bbox 626 4197 1050 4204; x_wconf 95' lang='lat' dir='ltr'><strong> </strong></span> 
     </span>
    </p>
   </div>
   <div class='ocr_carea' id='block_1_5' title="bbox 624 4262 2860 4404">
    <p class='ocr_par' dir='ltr' id='par_1_12' title="bbox 624 4262 2860 4404">
     <span class='ocr_line' id='line_1_46' title="bbox 772 4262 2860 4333; baseline 0 -15"><span class='ocrx_word' id='word_1_378' title='bbox 772 4266 791 4295; x_wconf 80' lang='lat'>²</span> <span class='ocrx_word' id='word_1_379' title='bbox 828 4264 1112 4333; x_wconf 88' lang='lat' dir='ltr'><strong>Equidem</strong></span> <span class='ocrx_word' id='word_1_380' title='bbox 1139 4263 1438 4317; x_wconf 84' lang='lat' dir='ltr'><strong>Tirechani</strong></span> <span class='ocrx_word' id='word_1_381' title='bbox 1475 4263 1683 4316; x_wconf 88' lang='lat' dir='ltr'><strong>librum</strong></span> <span class='ocrx_word' id='word_1_382' title='bbox 1725 4269 1979 4317; x_wconf 87' lang='lat' dir='ltr'><strong>extrema</strong></span> <span class='ocrx_word' id='word_1_383' title='bbox 2017 4281 2071 4330; x_wconf 88' lang='lat' dir='ltr'><strong>p.</strong></span> <span class='ocrx_word' id='word_1_384' title='bbox 2102 4262 2365 4316; x_wconf 89' lang='lat' dir='ltr'><strong>XXXIV</strong></span> <span class='ocrx_word' id='word_1_385' title='bbox 2405 4264 2699 4318; x_wconf 77' lang='lat' dir='ltr'><strong>terminari</strong></span> <span class='ocrx_word' id='word_1_386' title='bbox 2736 4281 2860 4333; x_wconf 84' lang='lat' dir='ltr'><strong>per·</strong></span> 
     </span>
     <span class='ocr_line' id='line_1_47' title="bbox 624 4335 1364 4404; baseline 0.001 -15"><span class='ocrx_word' id='word_1_387' title='bbox 624 4353 950 4404; x_wconf 82' lang='lat' dir='ltr'><strong>persuasum</strong></span> <span class='ocrx_word' id='word_1_388' title='bbox 989 4337 1130 4389; x_wconf 89' lang='lat' dir='ltr'><strong>mihi</strong></span> <span class='ocrx_word' id='word_1_389' title='bbox 1165 4335 1364 4390; x_wconf 86' lang='lat' dir='ltr'><strong>babeO.</strong></span> 
     </span>
    </p>
   </div>
   <div class='ocr_carea' id='block_1_6' title="bbox 3233 2373 3239 3476">
    <p class='ocr_par' dir='ltr' id='par_1_13' title="bbox 3233 2373 3239 3476">
     <span class='ocr_line' id='line_1_48' title="bbox 3233 2373 3239 3476; baseline 0 0"><span class='ocrx_word' id='word_1_390' title='bbox 3233 2373 3239 3476; x_wconf 95' lang='lat' dir='ltr'><strong> </strong></span> 
     </span>
    </p>
   </div>
  </div>
 </body>
</html>
