3259 5084
1300 267 1743 323 -99-

282 478 285 481 ·
400 443 603 520 magni
652 442 961 501 aestimata
1007 442 1083 501 ab
1130 443 1260 519 ipso
1302 442 1596 515 EbrardO,
1645 463 1695 503 c.
1749 440 1822 499 11
1875 441 1954 499 ib.
2001 461 2139 499 ann.
2188 440 2332 513 655,
2379 462 2437 519 p.
2471 441 2666 518 425),’

399 531 622 603 credat,
670 532 931 607 inquam,
965 530 1241 590 Ebrardo
1272 532 1405 589 illas
1436 530 1822 607 reliquiarum
1855 535 1916 588 et
1947 535 2284 588 sanctorum
2317 530 2646 589 mentiones

398 620 805 679 additamenta
870 639 995 678 esse
1063 621 1441 697 scriptorum,
1514 620 1730 695 quibus
1793 624 2026 677 sanctos
2089 618 2458 677 exornandos
2520 614 2644 677 esse

400 728 714 787 perperam
761 708 850 765 illi
895 709 1267 785 putaverint3
1321 742 1396 752 —
1450 707 1655 767 credat
1685 707 2032 767 Columbam
2079 707 2427 784 saepissime·
2461 708 2643 766 verba
2718 756 2726 765 .

400 798 507 855 feci
515 817 605 857 sse
652 797 727 854 de
772 794 992 855 Sancto
1036 794 1243 873 Petro,
1305 795 1524 859 Sancto
1569 792 1796 867 Paule,
1841 792 2058 855 Sancto
2105 792 2470 873 Hieronymo
2518 794 2646 871 (sed

398 886 473 943 de
506 880 797 960 „Ea-sebio
826 880 1223 945 Cmariensffl
1263 906 1355 964 ep.
1384 887 1441 959 5,
1464 908 1521 963 p.
1550 886 1632 945 32
1659 883 1763 961 A),
1794 883 1898 943 sed
1928 884 2038 941 h'oc
2069 904 2186 943 non
2217 884 2395 943 aliter
2422 884 2646 943 dictum

399 994 531 1033 esse·
572 981 753 1050 atque
798 974 949 1032 illud
1001 974 1199 1047 „vivus
1240 994 1491 1055 namque
1534 981 1766 1033 sanctus
1811 972 2120 1034 emendare
2142 980 2348 1054 potest,
2393 989 2542 1052 quae
2571 970 2661 1031 ab.

396 1060 582 1122 a'ltero
621 1058 861 1143 majore
906 1062 1211 1122 emendata
1255 1082 1373 1123 non
1402 1062 1668 1145 saevinffl
1723 1067 1838 1140 (ep.
1888 1062 1944 1135 5,
1991 1083 2050 1139 p.
2101 1062 2182 1119 32
2233 1060 2306 1137 C)
2353 1061 2451 1120 vel
2495 1060 2646 1133 illud

408 1172 485 1225 „a
538 1148 757 1210 Sancto
816 1147 1090 1211 Candido
1144 1158 1277 1212 ιξυοιι
1342 1154 1445 1228 (ib.
1507 1174 1565 1230 p.
1616 1152 1698 1210 33
1745 1149 1855 1226 B);
1903 1184 1988 1195 -
2035 1150 2241 1209 credat
2281 1148 2644 1209 'Columbam

400 1240 643 1319 petiisse
689 1261 725 1298 a
769 1240 959 1317 papis,
1006 1247 1075 1299 ut
1118 1262 1227 1319 pro
1276 1262 1337 1300 se
1386 1250 1618 1301 orarent
1635 1237 1818 1321 ῥητέα
1845 1236 1970 1299 loco
1999 1247 2202 1299 sancta
2231 1247 2284 1301 et
2311 1246 2651 1297 sanctorum

398 1328 653 1389 omerw
708 1330 825 1405 (ep.
874 1328 933 1401 4,
979 1349 1043 1405 p..
1086 1330 1162 1389 31
1202 1330 1255 1389 E
1302 1337 1365 1389 et
1408 1350 1499 1409 ep.
1554 1332 1607 1401 1,
1653 1351 1712 1406 p.
1761 1329 1846 1386 24
1877 1328 1974 1405 F),
2019 1327 2122 1388 sed
2168 1327 2510 1404 ei-prorsus
2555 1326 2646 1385 in-

402 1424 771 1496 compertum
803 1418 1001 1490 fuisse,
1034 1419 1328 1495 quomodo
1359 1438 1551 1497 papae
1583 1420 1842 1479 solerent
1873 1436 2044 1476 orare
2070 1418 2246 1491 juxta
2271 1418 2410 1474 loca·
2423 1420 2646 1489 sancta,

304 1502 313 1511 ’
400 1526 595 1583 neque
639 1506 1031 1565 dubitandum
1078 1528 1220 1581 esse,
1268 1509 1413 1584 quin
1459 1508 1585 1584 ipse
1634 1505 1942 1577 Columba,
1989 1506 2038 1563 si
2085 1505 2339 1563 Romam
2383 1504 2648 1573 venisset

405 1589 761 1675 Greyorium
805 1616 1022 1672 papam
1036 1640 1050 1669 ‚
1096 1604 1165 1656 ut
1212 1596 1324 1670 ait,
1372 1595 1714 1656 desiderans
1757 1613 1876 1653 non
1922 1590 2188 1652 Romam
2238 1589 2438 1665 „salva
2482 1612 2646 1651 sanc·

397 1692 597 1743 torum
640 1682 954 1743 reverentia
998 1682 1295 1745 cinerum“
1348 1687 1463 1761 (ep.
1514 1685 1569 1756 5,
1616 1706 1676 1761 p.
1725 1684 1810 1741 33
1842 1682 1920 1755 A,
1969 1684 2040 1740 cf.
2088 1682 2364 1757 Fleming
2408 1702 2466 1758 p.
2505 1680 2647 1753 159,

400 1794 539 1832 nam
584 1772 745 1830 Bibl.
792 1794 946 1831 maii.
991 1794 1050 1851 p.
1098 1774 1181 1832 33
1230 1772 1293 1831 A
1347 1772 1615 1832 invenies
1671 1770 1968 1847 cinerem),
2026 1772 2202 1847 longe
2249 1770 2422 1827 aliter
2467 1776 2648 1845 atque

401 1882 593 1940 papae
641 1869 917 1919 oraturus
948 1861 1131 1919 fuerit
1155 1865 1333 1937 juxta
1362 1868 1700 1920 sanctorum
1735 1860 1978 1931 cineres,
2027 1859 2295 1935 quamvis
2317 1858 2454 1935 -ipse
2487 1858 2650 1917 dicat

406 1949 745 2023 (instructio
800 1948 851 2020 Ι,
914 1948 1075 2006 Bibl.
1137 1970 1290 2007 max.
1353 1950 1450 2021 12,
1511 1972 1570 2027 p.
1624 1950 1702 2006 10
1760 1948 1844 2025 D)
1905 1935 2082 2007 deum
2125 1966 2245 2027 per
2315 1954 2650 2005 sanctorum

401 2055 645 2094 suorum
702 2034 909 2093 merita
968 2044 1019 2094 et
1070 2034 1415 2096 interventus
1461 2037 1758 2097 orandum
1803 2056 1954 2108 esse;
2006 2072 2082 2081 -
2134 2035 2488 2112 persuadeat
2509 2084 2514 2089 .
2533 2032 2649 2093 sibi

406 2122 755 2181 Columbam
816 2123 1155 2185 Turonibus
1219 2126 1491 2185 visitasse
1561 2128 1894 2204 sepulcrum
1954 2123 2082 2184 Scti
2143 2115 2387 2183 Martini
2459 2120 2666 2200 neque·-

406 2212 657 2271 coluisse
712 2232 847 2270 eum
890 2220 959 2273 ut
1006 2214 1109 2273 alii
1154 2214 1317 2273 illius
1340 2215 1577 2275 aetatis
1623 2214 1922 2287 catholici,
1981 2214 2252 2291 quamvis
2296 2214 2487 2271 Jonas
2535 2212 2648 2271 Oo-

404 2300 665 2359 lumbam
724 2300 971 2361 inducat
1030 2303 1320 2362 dicentem
1372 2322 1490 2363 ‘non
1542 2303 1765 2365 idcirco
1809 2302 1893 2363 ad
1935 2300 2062 2383 ejus
2107 2303 2404 2378 (Martini)
2449 2321 2508 2359 se
2553 2320 2650 2361 ea·-

402 2386 639 2449 cubaese
697 2388 999 2471 reliquias,
1062 2400 1127 2451 ut
1183 2388 1281 2452 ille
1334 2412 1445 2452 sua
1498 2412 1569 2453 ac
1614 2412 1858 2452 suorum
1901 2391 2106 2450 sineret
2151 2390 2376 2449 damna
2406 2387 2656 2467 patrari

386 2476 663 2559 fratrum
708 2479 839 2553 (vit.
888 2479 1015 2538 Col.
1063 2480 1164 2553 44,
1212 2501 1269 2557 p.
1320 2483 1421 2553 23,
1470 2482 1542 2539 cf.
1592 2482 1696 2552 42,
1741 2502 1800 2557 Ρ.
1851 2480 1978 2552 22).

583 2566 761 2625 Aliae
807 2574 1004 2626 autem
1053 2569 1205 2626 duae
1258 2569 1371 2626 hoc
1416 2569 1545 2625 loco
1591 2569 1887 2631 exsistunt
1948 2557 2353 2643 quaestiones,
2415 2564 2648 2667 dignae,

406 2674 559 2731 quae
622 2675 823 2713 severe
882 2656 1318 2727 examinentur,
1383 2656 1574 2733 prior,
1639 2656 1784 2733 quid
1830 2655 2154 2714 Columbae
2209 2662 2270 2713 et
2331 2654 2474 2712 socii
2522 2656 2665 2728 ejus.

398 2744 805 2820 judicaverint
848 2744 922 2802 de
969 2742 1317 2821 virginitate
1366 2754 1427 2803 et
1472 2744 1545 2803 de
1594 2746 1938 2803 clericorum
1985 2742 2394 2815 matrimoniis,
2441 2742 2660 2815 altera,-

412 2852 551 2890 num
602 2832 717 2891 alia
762 2833 945 2891 fuerit
990 2833 1149 2910 apud
1194 2834 1383 2893 socios
1432 2834 1755 2895 Columbae
1801 2835 1930 2893 vita
1974 2832 2315 2891 monachica
2361 2838 2542 2909 atque
2589 2832 2653 2889 in

406 2922 655 2981 univers.
678 2921 924 2980 ecclesia
948 2930 1008 2981 et
1034 2923 1179 2999 quid
1200 2923 1273 2981 de
1298 2924 1716 2981 monachorum
1741 2924 1866 2983 vita
1890 2924 2016 3000 ipse
2037 2920 2327 2981 Columba
2351 2920 2652 2980 statuerit.

590 3010 800 3069 Scotos
849 3011 934 3088 [et
979 3011 1283 3091 Britones]
1332 3012 1405 3071 de
1466 3014 1811 3071 clericorum
1869 3008 2265 3070 'matrimoniis
2321 3030 2440 3067 non
2496 3010 2656 3066 idem

406 3099 657 3157 sensisse
706 3100 865 3174 quod
912 3107 1142 3159 ceterae
1188 3101 1349 3159 illius
1396 3102 1613 3160 aetatis
1661 3102 1940 3159 ecclesiae
1986 3119 2104 3158 non
2153 3100 2311 3156 solus
2343 3096 2651 3155 Ebrardus

418 3189 502 3263 (p.
536 3188 661 3243 206
712 3190 867 3263 sqq.)
914 3189 1252 3261 affirmavit,
1301 3189 1419 3261 sed,
1468 3209 1599 3247 cum
1630 3186 2026 3263 Rettbergius
2059 3188 2119 3262 (Ι
2149 3208 2207 3263 p.
2243 3186 2368 3244 320
2404 3192 2464 3243 et
2498 3186 2652 3260 324)

406 3274 651 3332 eandem
702 3276 1057 3333 sententiam
1104 3278 1355 3348 tulisset,
1400 3278 1463 3334 in
1511 3276 1834 3335 Germania
1881 3272 2381 3374 evangelicorum,
2430 3274 2534 3349 qui
2569 3274 2652 3348 de

409 3363 729 3422 Britonum
762 3362 1192 3441 Scotorumque
1224 3364 1483 3425 ecclesiis
1512 3366 1700 3424 verba
1731 3363 2014 3437 fecerunt,
2061 3362 2280 3436 omnes,
2313 3362 2428 3421 nisi
2459 3363 2651 3436 fallor,

406 3458 653 3531 excepto
700 3451 1053 3529 Loeningio,
1102 3454 1347 3513 eandem
1393 3454 1600 3513 falsam
1646 3454 2087 3530 persuasionem
2135 3452 2250 3511 sibi
2297 3452 2652 3525 induerunt3

406 3542 553 3617 quin
616 3542 793 3601 etiam
857 3540 1167 3601 Scotorum
1236 3543 1553 3601 monachos
1624 3562 2068 3618 nonnumquam
2129 3542 2194 3599 in
2256 3540 2652 3600 matrimoniis

408 3630 1195 3691 viiti'ssePlittius-Ebrardo
1228 3632 1517 3691 concessit
1540 3632 1863 3709 (Erlanger
1885 3630 2235 3689 zeitschrift
2264 3632 2362 3687 fiir
2386 3630 2652 3689 Protest.

408 3739 467 3777 u.
511 3720 627 3778 ΚΘ.
682 3719 880 3792 1864,
926 3740 985 3797 p.
1036 3722 1209 3797 287),
1258 3741 1447 3799 neque
1504 3722 1824 3780 defuerunt
1876 3719 1940 3777 in
1987 3718 2242 3796 Anglia,
2303 3718 2536 3796 qui.—-
2585 3724 2654 3779 ut
2717 3733 2722 3737 “

410 3814 639 3865 taceam
700 3808 773 3867 de
836 3808 890 3865 M
902 3808 1227 3867 ’Lauchlan
1284 3829 1414 3867 cum
1460 3810 1736 3869 Ebrardo
1800 3808 2204 3869 consentiente
2252 3808 2348 3883 (cf.
2396 3807 2653 3879 Ebrard,

408 3916 469 3973 p.
516 3896 671 3973 VII)
725 3932 797 3941 —-
852 3896 1143 3956 dicerent.
1200 3894 1353 3957 tloerie
1411 3917 1515 3957 are
1562 3918 1880 3979 passafflm,
1941 3894 2130 3956 which,
2171 3914 2387 3976 prove,
2447 3892 2570 3953 that
2615 3915 2654 3953 a

410 3982 675 4044 mamad
707 3982 1054 4064 priesthood
1112 4006 1235 4045 was
1280 3994 1379 4045 not
1438 3984 1726 4047 unknown
1789 3985 1852 4045 in
1911 3984 2146 4045 various
2198 3993 2366 4067 parts
2425 3982 2548 4041 and
2593 3990 2658 4041 at

410 4070 647 4132 various
680 4071 945 4153 period-3.
972 4073 1047 4155 of
1079 4072 1171 4135 the
1204 4072 1394 4135 Celtic
1424 4072 1640 4135 church
1673 4076 1951 4152 (Warren
1985 4098 2042 4153 p.
2082 4075 2205 4150 13).
2277 4074 2469 4145 Quam
2509 4091 2654 4143 rem,

411 4166 573 4221 cu'm
584 4162 827 4221 maximi
873 4165 1158 4223 momenti
1200 4162 1279 4223 sit
1324 4164 1387 4221 in
1419 4149 1802 4223 aestimandis
1841 4166 2018 4223 rebus
2051 4184 2086 4221 a
2115 4160 2422 4219 Bonifatio
2452 4159 2656 4237 gestis,

410 4251 615 4329 paullo
664 4252 971 4311 verbosius
1018 4253 1197 4311 etiam
1245 4253 1380 4311 hoc
1400 4253 1529 4311 loco
1576 4259 1837 4311 tractare
1883 4252 2027 4314 mihi
2072 4251 2266 4308 liceat.
2345 4292 2350 4299 .

590 4340 923 4399 Exordium
969 4340 1176 4422 igitur¹
1198 4342 1441 4420 capiens
1486 4361 1523 4399 a
1568 4342 1985 4399 monachorum
2025 4337 2416 4398 matrimoniis
2461 4338 2662 4411 fateor

2153 4439 2228 4494 7*
