3259 5084
1529 246 1964 303 ...94—

621 424 837 503 >quibus
867 445 1050 485 unum
1072 426 1263 486 Jonas
1292 425 1640 500 nominavit,
1671 426 1830 503 quod
1854 425 2020 485 Scoti
2049 444 2222 485 sacra
2241 423 2559 484 missarum
2581 420 2857 483 solemnia

620 513 951 575 orationum
1008 523 1061 574 et
1112 510 1481 575 collectarum
1532 512 1843 594 multiplici
1891 512 2164 574 varietate
2219 515 2586 573 celebrarent
2632 515 2705 589 (c.
2756 514 2854 586 10,

618 625 675 683 p.
729 604 853 661 120
900 606 972 663 cf.
1040 602 1296 663 Warren
1340 626 1399 683 p.
1442 606 1520 663 96
1570 607 1744 681 sqq.)‚
1789 610 2036 677 ceteros,
2083 623 2214 663 cum
2244 602 2590 681 Agl-estium
2636 603 2859 661 faceret

618 694 912 753 dicentem
950 701 1037 767 „et
1064 690 1253 753 multa
1282 690 1405 751 alia
1434 690 1764 775 superflua“
1795 694 1928 771 pari
1957 692 2130 752 modo
2157 700 2338 769 atque
2361 692 2530 750 Beda
2555 692 2656 767 (cf.
2679 711 2858 769 supra

619 805 677 862 p.
727 783 836 859 25)
883 783 1120 843 levioris
1167 783 1450 842 momenti
1496 804 1621 843 esse
1667 782 1972 842 indicavit.

798 871 967 931 Haec
1014 876 1153 931 sunt
1198 892 1351 950 quae
1396 878 1636 932 exstant
1680 872 2060 931 dissensionis
2106 870 2448 931 testimonia
2493 874 2732 947 praeter
2775 869 2855 943 id,

622 962 779 1039 quod
824 960 1057 1039 saepius
1097 962 1401 1027 invenitur
1430 961 1760 1038 generatim
1791 968 1852 1020 et
1882 959 2218 1019 summatim
2247 960 2474 1019 dictum
2509 954 2858 1018 Columbam

618 1070 658 1109 a
686 1058 1005 1110 ceterorum
1042 1048 1301 1109 moribus
1338 1048 1646 1109 desciscere
1675 1048 2020 1127 (Agrestius
2049 1049 2211 1127 apud
2239 1048 2379 1107 Jon.
2412 1049 2517 1107 vit.
2547 1047 2718 1107 Eust.
2755 1048 2854 1119 10,

616 1162 676 1218 p.
704 1139 854 1216 120)
878 1138 973 1205 vel
996 1134 1071 1197 ab
1094 1138 1355 1199 omm'um
1375 1136 1763 1199 saecularium
1785 1158 1948 1202 more
1973 1137 2280 1198 desciscere
2303 1137 2466 1213 (Jon.
2483 1137 2588 1197 vit.
2605 1135 2730 1195 Col.
2751 1136 2852 1207 33,

619 1252 676 1308 p.
710 1230 817 1304 19)
847 1229 942 1287 vel
972 1226 1235 1287 omnibus
1264 1246 1381 1287 non
1409 1226 1624 1287 sociari
1651 1228 1940 1305 (ibidem).
2004 1229 2270 1302 Quorum
2299 1226 2548 1286 tertium
2582 1259 2660 1270 —
2697 1225 2855 1303 quod

620 1317 909 1377 Columba
938 1316 1212 1376 omnibus
1240 1336 1359 1375 non
1390 1316 1605 1377 sociari
1635 1317 1858 1375 dicitur
1895 1351 1968 1361 -—
2006 1317 2165 1375 haud
2196 1316 2316 1375 scio
2349 1336 2427 1374 an
2457 1314 2700 1389 majoris
2733 1334 2850 1373 mo·

617 1405 805 1465 menti
834 1405 933 1479 sit,
966 1424 1141 1483 quam
1171 1404 1287 1467 tibi
1310 1406 1601 1466 videatur.
1671 1405 1841 1465 Idem
1865 1406 2022 1465 enim
2045 1405 2407 1464 Laurentius
2431 1402 2852 1463 cantuarensis

618 1495 941 1556 Columbae
972 1494 1207 1554 crimini
1238 1495 1403 1555 dedit
1432 1494 1634 1554 dicens
1671 1515 1735 1555 se
1763 1514 1882 1575 per
1915 1490 2260 1555 Columbam
2289 1491 2556 1553 abbatem
2584 1489 2852 1553 didicisse

619 1578 819 1645 Scotos
860 1580 948 1643 πᾶ
989 1580 1323 1665 discrepare
1365 1605 1405 1642 a
1448 1582 1798 1645 Britonibus
1838 1582 1904 1642 >in
1949 1603 2152 1643 comm
2193 1580 2616 1642 conversatione
2660 1580 2853 1658 (Beda

617 1672 672 1732 h.
706 1694 755 1733 0.
789 1674 847 1745 2,
880 1672 939 1745 4,
971 1673 1007 1751 ξ
1040 1672 1166 1751 98),
1212 1674 1413 1733 idem
1396 1694 1525 1753 ipse
1556 1674 1844 1733 Columba
1877 1673 2208 1745 confitetur,
2241 1692 2373 1730 cum
2403 1671 2612 1731 scribit
2643 1672 2759 1747 (ep.
2798 1672 2849 1742 1,

616 1784 675 1841 p.
710 1762 799 1819 24
825 1761 931 1838 F).
979 1770 1199 1821 constat
1240 1783 1347 1823 nos
1394 1764 1533 1841 [etsi
1574 1764 1640 1822 in
1671 1762 1872 1821 Gallia
1917 1762 2140 1839 sumus]
2170 1759 2234 1819 in
2261 1768 2462 1821 nostra
2491 1779 2607 1819 esse
2628 1757 2851 1843 patria,

618 1850 759 1911 dum
804 1847 1001 1910 nullas
1044 1849 1291 1911 istorum
1334 1850 1680 1933 suscipimus
1723 1847 1976 1933 reyulas.
1989 1842 2316 1921 Gallomm,
2361 1848 2464 1909 sed
2507 1847 2570 1907 in
2615 1845 2852 1909 deseras

616 1939 911 2011 sedentes,
929 1936 1080 2000 nulli
1118 1939 1358 2012 molesti,
1403 1961 1537 2001 cam
1578 1949 1914 2001 nostrorum
1957 1936 2169 2021 reyulis
2212 1957 2514 1999 mnemus
2543 1936 2850 1997 seniorum.

616 2028 793 2088 Unde
839 2029 1215 2090 manifestum
1262 2036 1376 2103 est,
1438 2029 1648 2091 Scotos
1693 2031 1826 2091 illos
1873 2030 2320 2108 peregrinantes
2364 2045 2740 2105 nequaquam
2783 2032 2852 2085 ut

618 2119 967 2197 apostolum,
1016 2120 1119 2195 qui
1172 2118 1495 2201 „quibusvis
1530 2118 1800 2201 quidvis“
1855 2125 2000 2192 erat,
2048 2117 2420 2195 evangelium
2465 2116 2848 2195 praedicasse,

618 2208 722 2267 sed
766 2207 983 2287 potius,
1032 2208 1251 2287 quippe
1282 2208 1387 2286 qui
1419 2209 1690 2267 monachi
1721 2214 1932 2281 essent,
1979 2208 2254 2267 maluisse
2283 2204 2351 2265 in
2375 2204 2610 2266 desertis
2639 2202 2848 2273 sedere,

618 2316 795 2373 quam
844 2304 1147 2357 versantes
1191 2300 1255 2358 in
1297 2304 1467 2357 coetu
1495 2298 1799 2357 hominum
1828 2297 2279 2375 frequentiaque
2311 2301 2549 2355 strenue
2580 2294 2849 2357 laborare

614 2388 679 2445 in
703 2385 1087 2465 'corrigendis
1133 2390 1283 2449 aliis.

792 2477 1103 2555 Pei-pauca
1132 2478 1321 2557 igitur
1352 2484 1490 2537 sunt
1520 2476 1900 2539 dissensionis
1929 2474 2290 2547 testimonia,
2335 2474 2645 2552 permulta,
2695 2492 2845 2551 quae

614 2568 999 2643 comprobent
1042 2565 1389 2627 Columbam
1438 2574 1498 2627 et
1544 2587 1696 2640 suos,
1745 2565 2012 2643 quamvis
2061 2564 2278 2624 diversi
2323 2562 2546 2621 fuerint
2589 2564 2668 2622 ab
2715 2561 2848 2622 aliis

612 2655 882 2715 nonnulli
928 2676 1129 2716 eorum
1175 2676 1385 2730 mores,
1432 2664 1634 2717 tamen
1679 2656 1796 2715 fide
1841 2673 2217 2734 nequaquam
2255 2672 2446 2729 neque
2477 2671 2740 2731 unquam
2773 2653 2846 2711 ab

610 2746 843 2807 unitate
890 2746 1181 2805 catholica
1225 2746 1586 2805 dissensisse.

786 2836 939 2895 Jure
1001 2835 1240 2913 quidem
1300 2836 1462 2893 dicat
1520 2835 1772 2894 fortasse
1819 2834 2110 2911 quispiam
2157 2833 2230 2891 de
2275 2832 2400 2891 sola
2443 2830 2562 2889 fide
2607 2837 2840 2889 sanctae

578 2896 931 2984 ‘Trinitatis
976 2924 1323 2983 Columbam
1382 2922 1627 2996 dixisse,
1687 2944 1816 2982 cum
1872 2944 2090 3001 papam
2136 2926 2336 2980 oraret
2388 2938 2530 3000 „per
2570 2918 2836 2979 unitatmn

587 3012 746 3098 fidei
784 3020 1035 3085 metrae,
1082 3031 1229 3095 quae
1268 3010 1511 3073 invicem
1550 3016 1664 3071 est“
1703 3014 1822 3089 (ep.
1859 3012 1914 3085 1,
1959 3032 2014 3089 p.
2051 3011 2135 3069 24
2166 3010 2265 3086 Ε).
2342 3007 2464 3070 Sed
2494 3008 2634 3086 quid
2662 3006 2835 3078 dicat,

610 3105 661 3165 si
707 3102 914 3180 audiat
944 3102 1291 3162 Columbam
1338 3102 1629 3159 dicentem
1677 3100 1754 3159 ad
1799 3108 2002 3179 patres
2048 3099 2260 3177 synodi
2289 3101 2406 3176 (ep.
2442 3101 2498 3172 2,
2531 3121 2588 3177 p.
2621 3096 2703 3155 25
2729 3094 2840 3174 (ἧς

609 3192 807 3273 capiat
849 3211 955 3251 nos
999 3188 1202 3262 simul,
1250 3209 1369 3264 ore,
1421 3185 1649 3262 Grauia,
1696 3208 1840 3271 quos
1885 3187 2072 3269 capiet
2115 3208 2358 3270 reynum
2404 3184 2696 3248 coeloram
2739 3231 2754 3245 .
2785 3229 2800 3245 .
2833 3229 2847 3245 .

621 3278 819 3342 Unum
862 3280 1014 3340 enim
1056 3300 1299 3362 reqnum
1344 3277 1619 3341 habemus
1665 3288 1717 3339 et
1758 3298 1942 3339 unam
1970 3297 2133 3357 spem
2161 3275 2474 3337 vocationis
2501 3275 2566 3335 in
2601 3272 2844 3347 Clzrc'stQ

610 3377 671 3431 et
716 3372 791 3429 ad
840 3372 1073 3429 eosdem
1117 3391 1175 3449 p.
1226 3370 1305 3427 26
1348 3368 1435 3429 E:
1480 3366 1657 3428 zmius
1699 3365 1854 3427 enim
1897 3388 2099 3429 sumus
2143 3365 2421 3453 emporis
2450 3361 2842 3425 commembra

608 3459 725 3519 sive
774 3453 944 3519 Galli
984 3457 1099 3518 sive
1143 3456 1432 3521 Britanni
1472 3456 1588 3517 sive
1634 3454 1796 3517 Iberi
1836 3455 1950 3518 sive
1995 3476 2250 3538 quaeque
2291 3464 2526 3535 yeme-3.
2607 3444 2665 3510 ..2
2739 3448 2842 3509 An

609 3556 886 3629 putemus
926 3568 1074 3621 011111,
1122 3549 1227 3625 (1111
1255 3548 1615 3607 haereticum
1647 3566 1772 3607 esse
1795 3547 2174 3622 judicaverit,
2205 3546 2539 3623 quicunque
2571 3540 2668 3601 Sti
2697 3539 2843 3598 Hie-

608 3638 840 3715 ronymi
884 3638 1300 3698 auctoritatem
1338 3637 1577 3696 laeserit
1608 3638 1724 3714 (ep.
1760 3634 1817 3708 5,
1863 3656 1920 3713 p.
1955 3637 2037 3695 32
2072 3634 2174 3713 Gr),
2219 3632 2608 3694 inconsultius
2639 3636 2846 3689 coacta

608 3727 925 3808 projecisse
984 3728 1087 3787 illa
1147 3728 1330 3787 verba
1347 3726 1376 3783 Ρ
1468 3724 1587 3799 Qui
1647 3744 1788 3785 vero
1843 3724 2219 3785 nihilosecius
2263 3723 2526 3794 dubitat,
2588 3720 2844 3798 benigne

610 3819 711 3892 eis,
760 3838 913 3894 quae
956 3822 1299 3896 sequuntur,
1344 3815 1574 3877 tribuat
1619 3834 1840 3873 aurem.

786 3906 1042 3965 Maxime
1098 3907 1253 3965 enim
1306 3904 1619 3984 perspicua
1664 3903 1735 3962 fit
1778 3906 2044 3982 perfecta
2087 3904 2193 3961 illa
2236 3902 2376 3960 fidei
2419 3899 2621 3959 unitas
2667 3899 2732 3956 in
2777 3918 2846 3957 ea

607 3997 737 4076 ipsa
780 4016 862 4070 re,
910 3996 983 4055 de
1031 4016 1149 4073 qua
1194 3994 1614 4054 dissensionem
1660 3992 1860 4071 potius
1905 4014 2012 4053 nos
2057 3993 2403 4052 inventuros
2450 4009 2574 4049 esse
2604 3994 2842 4089 putare-

606 4108 752 4160 mus,
798 4087 849 4146 01
894 4086 1039 4164 ipsis
1086 4083 1355 4164 epistulis
1400 4102 1517 4141 non
1564 4083 1735 4142 lectis
1765 4081 2038 4143 Ebrardo
2086 4087 2148 4140 et
2193 4116 2277 4127 --
2324 4078 2468 4157 quid
2513 4076 2704 4154 magis
2736 4074 2843 4135 mi-

606 4177 855 4235 randum
888 4175 1021 4236 est?
1048 4210 1133 4221 —··
1156 4174 1273 4252 ipsi
1296 4172 1610 4231 Warrenio
1643 4174 1723 4249 (p.
1759 4172 1839 4231 37
1867 4174 2021 4249 sqq.)
2052 4170 2228 4229 fidem
2260 4171 2732 4246 adjungeremus,
2757 4197 2844 4209 —

606 4266 833 4325 scilicet
877 4265 939 4322 in
983 4264 1075 4338 iis,
1123 4284 1273 4341 quae
1320 4261 1392 4321 de
1438 4262 1790 4321 auctoritate
1836 4281 2026 4340 papae
2068 4258 2358 4319 Columba
2403 4256 2676 4336 epistulis
2721 4252 2842 4313 suis

605 4354 829 4429 injecit,
876 4354 1090 4413 verbis.
1165 4354 1319 4413 Nam
1366 4371 1483 4429 quo
1530 4350 1748 4410 certius
1795 4357 1886 4409 est
1931 4351 2027 4425 (cf.
2057 4348 2334 4425 Loening
2373 4346 2463 4420 II,
2511 4368 2569 4425 p.
2604 4344 2844 4403 4181012
