3259 5084
1523 238 1598 247 .-
1699 180 1953 261 9ο’-

626 385 1003 460 conspectum
1050 380 1300 441 aliorum
1344 380 1648 441 hominum
1693 380 2113 460 processerint,
2159 386 2320 441 recte
2366 400 2602 460 sperare
2647 400 2852 459 possu-

627 492 755 531 mus
801 472 945 544 fore,
990 476 1061 529 ut
1104 470 1168 528 in
1214 471 1447 529 illorum
1480 470 1606 530 vita
1639 469 1952 530 Scotorum
1998 488 2190 529 mores
2233 470 2700 530 manifestissimi
2743 471 2853 543 sub

628 564 945 637 aspectum·
976 559 1147 619 nobis
1192 558 1605 634 subjiciantur.
1696 557 1987 619 Attamen
2032 558 2172 636 quia
2224 558 2342 638 ipsi
2387 557 2552 619 Scoti
2596 560 2856 637 peregri·

627 655 837 709 nantes
884 648 1031 707 adeo
1077 648 1377 725 peregrini
1423 654 1595 715 erant
1639 648 1702 706 in
1759 648 1870 707 hoc
1924 648 2170 721 mundo,
2232 653 2324 719 ut,
2385 648 2654 725 quamvis
2704 649 2858 727 peri·-

626 737 841 798 tissimi
886 744 1081 797 essent
1125 737 1439 812 scribendi,
1483 743 1684 815 tamen
1729 739 2097 797 voluntatem
2142 757 2260 796 non
2311 736 2602 797 haberent
2644 737 2861 797 litteris

630 826 1033 903 consignandi,
1082 846 1233 904 quae
1278 826 1394 904 ipsi
1440 826 1672 905 experti
1718 830 1938 899 essent,
1986 846 2137 903 quae
2184 826 2488 899 docerent,
2537 846 2691 903 quae
2717 820 2860 885 'lau-

630 916 861 988 darent,
925 934 1076 993 quae
1136 916 1573 994 vituperarent,
1637 950 1720 961 —-
1771 915 1878 974 illa
1937 935 2074 993 spes
2137 933 2245 974 nos
2307 914 2698 988 destitueret,
2747 915 2864 975 nisi

629 1005 838 1067 fuisset
884 1004 1234 1082 Columba1)
1280 1004 1693 1065 LuxoviensiS.
1783 1004 1919 1076 Hic,
1967 1003 2227 1063 omnium
2275 1002 2602 1077 Scotorum,
2649 1004 2754 1080 qui
2799 1005 2864 1063 in

631 1094 1033 1155 continentem
1063 1101 1371 1167 venerunt,
1418 1093 1578 1153 haud
1622 1093 1801 1152 dubie
1847 1092 2231 1165 clarissimus,
2277 1111 2428 1153 unus
2473 1099 2579 1167 est,
2625 1093 2698 1153 de
2743 1113 2861 1169 quo

630 1184 819 1242 multa
871 1183 1184 1243 memoriae
1228 1183 1466 1261 prodita
1510 1184 1658 1255 sint,
1705 1182 1954 1259 primus,
2002 1182 2076 1241 de
2119 1200 2237 1258 quo
2284 1182 2521 1243 omnino
2566 1182 2714 1241 certi
2759 1182 2864 1241 ali-

634 1272 779 1349 quid
834 1270 952 1329 dici
982 1272 1188 1349 possit.
1249 1274 1404 1333 Nam
1450 1272 1523 1331 de
1568 1272 1694 1331 vita
1739 1270 2060 1344 Fridolini,
2107 1291 2282 1347 quem
2328 1291 2447 1330 non
2493 1271 2618 1331 sine
2665 1271 2864 1347 aliquo

626 1363 760 1437 jure
805 1360 1062 1438 primum
1116 1361 1181 1419 in
1226 1360 1483 1421 Francia
1529 1359 1772 1421 Scotum
1817 1359 2128 1419 Ebrardus
2181 1360 2518 1419 nominavit
2560 1362 2642 1439 (p.
2693 1359 2865 1435 285),

630 1450 719 1508 nil
765 1456 924 1508 certo
970 1450 1201 1522 scimus,
1248 1451 1465 1509 nedum
1496 1450 1569 1508 de
1597 1450 1859 1510 moribus
1891 1450 1988 1525 (cf.
2019 1448 2333 1526 Rettberg,
2363 1448 2452 1521 II,
2483 1472 2540 1527 p.
2575 1450 2655 1507 29
2690 1452 2866 1527 sqq.).

633 1538 875 1616 Optimo
923 1538 1078 1597 enim
1118 1542 1254 1615 jure
1296 1538 1690 1615 Rettbergius
1703 1582 1718 1611 ,
1777 1538 1873 1597 cui
1932 1558 2120 1616 paene
2183 1557 2383 1613 omnes
2441 1538 2617 1597 hodie
2669 1558 2865 1597 assen-

633 1628 867 1687 tiuntur
913 1628 1009 1702 (cf.
1056 1628 1483 1700 Wattenbach,
1532 1626 2120 1703 Geschichtsquellen
2167 1626 2225 1699 I,
2273 1648 2330 1705 p.
2380 1627 2490 1704 35)
2531 1627 2746 1700 ‚vetuit‚
2793 1646 2866 1685 ne

633 1716 887 1793 amplius
917 1716 1184 1776 historici
1216 1736 1375 1775 more
1420 1719 1710 1791 majorum
1742 1735 1775 1774 e
1807 1721 2146 1775 sanctorum
2177 1716 2316 1775 vitis
2357 1716 2624 1793 ipsorum
2668 1722 2865 1777 aetate

633 1806 809 1885 longe
856 1805 1251 1878 inferioribus,
1298 1826 1449 1881 quae
1494 1806 1569 1864 ab
1600 1806 1676 1865 iis
1705 1811 1878 1883 gesta
1907 1811 2120 1877 essent,
2152 1812 2510 1865 conarentur
2540 1806 2866 1866 enucleare.

635 1893 753 1954 Sed
801 1895 919 1953 alia
964 1900 1055 1954 est
1097 1894 1357 1953 Ebrardi
1402 1894 1714 1977 sententia.
1805 1892 2101 1973 Scriptori
2161 1894 2394 1954 cuidam
2455 1895 2642 1954 multa
2697 1894 2866 1953 fabu-

633 1984 761 2043 losa
806 1983 1113 2043 enarranti
1155 2002 1273 2043 non
1320 1983 1557 2043 omnino
1587 1983 1766 2043 fidem
1811 1984 2214 2061 abrogandam
2260 2003 2386 2043 esse
2427 1990 2643 2056 censet,
2691 2002 2867 2060 quae-

635 2072 885 2133 rendum
946 2092 1070 2131 esse
1131 2072 1347 2150 potius,
1410 2093 1561 2149 quae
1622 2093 1765 2133 vera
1825 2078 1887 2131 et
1957 2078 2118 2131 certa
2177 2072 2423 2145 referat,
2497 2093 2648 2149 quae
2718 2072 2868 2132 falsa
2959 2116 2972 2127 .

636 2164 720 2238 (p.
771 2161 943 2238 299).
990 2196 1073 2205 -
1118 2161 1389 2221 Honesta
1450 2162 1593 2221 haec
1655 2161 1870 2233 oratio,
1932 2181 2042 2227 nec
2099 2166 2300 2221 tamen
2352 2162 2595 2240 probari
2649 2165 2867 2239 potest.

636 2250 791 2310 Nam
840 2249 943 2326 qui
988 2248 1393 2310 intellexerint
1437 2257 1660 2309 certam
1706 2249 1982 2311 notitiam
2035 2250 2492 2327 praeteritorum
2537 2256 2868 2327 temporum

637 2338 759 2398 suis
814 2337 1055 2413 finibus,
1112 2339 1341 2417 exiguis
1398 2360 1567 2412 sane,
1628 2338 1944 2411 contineri,
2004 2338 2074 2411 ii,
2137 2358 2270 2397 cum
2329 2359 2399 2399 ea
2457 2339 2537 2397 sit
2577 2336 2868 2397 fabularis

634 2428 917 2487 historiae
963 2434 1196 2502 natura,
1241 2436 1311 2488 ut
1355 2449 1559 2491 verum
1607 2450 1644 2487 a
1688 2428 1838 2487 falso
1878 2427 2103 2487 secerni
2147 2448 2264 2487 non
2297 2427 2498 2504 possit,
2545 2426 2719 2485 facile
2749 2425 2868 2486 sibi

637 2517 1079 2594 persuadebunt
1127 2538 1225 2579 eos
1270 2518 1604 2597 scriptores,
1653 2517 1757 2595 qui
1803 2536 1876 2577 ex
1921 2518 2045 2577 sola
2089 2517 2248 2577 fama
2290 2515 2608 2588 hauserint,
2655 2514 2869 2593 dignos

638 2626 757 2665 non
804 2625 949 2679 esse,
994 2606 1211 2684 quibus
1255 2607 1317 2666 in
1364 2606 1674 2668 scribenda
1719 2605 1970 2667 historia
2013 2612 2271 2665 utamur.
2361 2606 2419 2666 N
2421 2624 2542 2691 am·
2560 2624 2693 2663 cum
2739 2606 2872 2664 luce

640 2694 855 2755 clarius
916 2694 997 2754 sit
1053 2716 1173 2755 non
1236 2697 1433 2756 omnia
1489 2716 1632 2755 vera
1693 2715 1843 2769 esse,
1905 2715 2057 2771 quae
2115 2714 2257 2755 vera
2317 2714 2442 2753 esse
2497 2699 2773 2773 possunt,
2820 2693 2872 2752 si

635 2783 867 2843 ratione
912 2784 1041 2858 illa,
1090 2805 1266 2862 quam
1312 2785 1619 2844 Ebrardus
1681 2789 1949 2861 exoptat,
2013 2790 2324 2851 uterentur
2381 2782 2678 2857 historici,
2739 2781 2866 2841 fieri

636 2892 754 2930 non
800 2879 1015 2948 posset,
1064 2872 1208 2949 quin
1254 2908 1341 2917 —
1386 2880 1456 2934 ut
1508 2874 1738 2933 sciurus
1790 2874 1856 2933 in
1911 2873 2256 2950 frangendis
2311 2872 2562 2934 nucibus
2603 2875 2857 2948 gustatu,

638 2960 745 3037 qui
788 2960 868 3019 sit
914 2962 1171 3036 nucleus,
1220 2962 1507 3039 dijudicat
1544 2996 1617 3005 --
1656 2962 1744 3021 ita
1788 2961 2056 3022 historici
2085 2962 2237 3021 alius
2267 2961 2412 3021 alias
2459 2960 2574 3021 sibi
2603 2959 2856 3035 eligeret,

635 3056 815 3127 prout
861 3049 1074 3127 cuique
1119 3052 1455 3129 placuisset,
1499 3051 1625 3110 veri
1671 3058 1732 3110 et
1775 3050 1908 3109 falsi
1957 3057 2148 3111 notas.

816 3138 955 3200 Hoc
999 3140 1193 3217 ipsum
1238 3141 1339 3213 iis,
1396 3159 1545 3218 quae
1591 3138 1902 3199 Ebrardus
1961 3140 2035 3199 de
2077 3137 2387 3199 Fridolino
2434 3136 2741 3208 disseruit,
2799 3140 2868 3194 ut

637 3229 922 3305 exemplis
954 3231 1387 3307 comprobatur.
1448 3229 1544 3288 Ex
1574 3229 1792 3305 quibus
1819 3249 2003 3288 unum
2035 3235 2143 3304 est,
2167 3227 2326 3305 quod
2357 3227 2682 3299 Ebrardus,
2706 3230 2872 3303 post·

639 3336 816 3393 quam
862 3319 1165 3378 enarravit
1209 3318 1583 3378 Fridolinum
1647 3324 1798 3377 teste
1858 3318 2145 3377 Balthero
2191 3317 2320 3394 (vit.
2365 3316 2528 3376 Frid.
2583 3315 2682 3385 12,
2727 3312 2870 3373 Act.

638 3404 743 3473 SS.
790 3404 946 3466 Boll.
992 3407 1171 3466 Mart.
1221 3410 1276 3479 6,
1323 3429 1382 3485 p.
1429 3408 1582 3484 435)
1629 3406 2002 3485 praedicasse
2047 3404 2379 3489 „quomodo
2417 3400 2585 3486 filine
2631 3398 2731 3461 dec·
2757 3444 2771 3459 .
2805 3443 2820 3459 .
2851 3442 2868 3457 .

635 3492 847 3553 mundi
887 3493 1221 3575 voraqinem
1248 3495 1509 3567 intraret,
1550 3492 1759 3556 scilicet
1783 3503 2028 3574 propter
2071 3494 2271 3555 nostna
2302 3498 2564 3572 peccata,
2593 3506 2696 3549 eeu
2724 3485 2870 3569 quid

628 3602 745 3665 pro
791 3579 954 3641 nobi-3
990 3592 1332 3665 pateretur“
1377 3586 1528 3645 hanc
1559 3584 1830 3645 Baltheri
1875 3584 2278 3644 narrationem
2323 3580 2576 3650 veritate
2621 3576 2739 3636 niti
2777 3576 2869 3635 his

637 3672 836 3741 verbis
896 3672 1011 3731 sibi
1070 3674 1309 3733 videtur
1370 3674 1806 3752 comprobasse:
1871 3666 2052 3733 Diese
2111 3667 2430 3752 eneryische
2487 3663 2871 3745 LIinwee'suny

637 3758 757 3841 auf
794 3757 1016 3821 Christi
1054 3759 1382 3824 sa‘c'hnenden
1426 3758 1798 3821 Kreuzestod
1811 3804 1828 3832 ,
1892 3759 2044 3821 diese
2097 3754 2546 3837 soterioloqische
2594 3752 2874 3834 Fassunq

638 3847 745 3908 der
789 3846 1146 3911 chn’stlichen
1176 3848 1373 3911 Lehre
1417 3848 1505 3910 als
1550 3850 1659 3911 der
1687 3845 2028 3921 Hal-slebre,
2074 3849 2147 3909 ist
2177 3868 2240 3909 80
2277 3843 2532 3907 sicmlich
2561 3838 2872 3913 culdei-sch,

638 3936 775 3997 dass
820 3936 945 3998 hier
988 3939 1100 4000 das
1144 3936 1648 4021 Zuyrundelieyen
1709 3936 1865 3999 einer
1923 3935 2056 3997 sehr
2098 3935 2250 3997 alten
2303 3930 2504 4011 Quelle
2546 3930 2704 3996 nicht
2749 3951 2873 3991 ver·

636 4024 817 4087 kannt
874 4029 1105 4089 werden
1164 4027 1320 4088 kann
1380 4032 1461 4107 (p.
1512 4028 1688 4104 294).
1780 4026 1922 4086 Alia
1979 4018 2151 4105 plura
2209 4024 2549 4101 hujusmodi
2607 4022 2874 4101 proferre

784 4240 806 4271 ²
850 4191 1211 4295 Columbanns
1239 4278 1251 4291 .
1282 4277 1295 4291 .
1327 4279 1337 4291 .
1366 4238 1460 4305 qui
1496 4240 1549 4291 et
1572 4236 1912 4293 Columba—
1934 4234 1976 4288 J
1978 4250 2066 4287 on.
2093 4232 2195 4285 vit.
2225 4231 2344 4285 Col.
2374 4232 2422 4297 6,
2452 4230 2604 4285 Mab.
2633 4228 2714 4291 II,
2743 4244 2874 4307 ann.

641 4308 763 4376 615,
792 4329 847 4379 p.
878 4311 938 4376 73
978 4312 1099 4379 ipse
1136 4310 1195 4363 in
1235 4308 1491 4378 epistulis
1520 4308 1850 4363 Columbam
1874 4322 1988 4359 non
2011 4303 2418 4359 Colambanum
2444 4318 2502 4355 se
2541 4298 2874 4368 appellavit.
